%YAML 1.1
%TAG !u! tag:unity3d.com,2011:
--- !u!1 &53694653082644367
GameObject:
  m_ObjectHideFlags: 0
  m_CorrespondingSourceObject: {fileID: 0}
  m_PrefabInstance: {fileID: 0}
  m_PrefabAsset: {fileID: 0}
  serializedVersion: 6
  m_Component:
  - component: {fileID: 53694653082644363}
  - component: {fileID: 53694653082644360}
  - component: {fileID: 53694653082644361}
  - component: {fileID: 53694653082644366}
  m_Layer: 13
  m_Name: TheTroller
  m_TagString: Untagged
  m_Icon: {fileID: 0}
  m_NavMeshLayer: 0
  m_StaticEditorFlags: 0
  m_IsActive: 1
--- !u!4 &53694653082644363
Transform:
  m_ObjectHideFlags: 0
  m_CorrespondingSourceObject: {fileID: 0}
  m_PrefabInstance: {fileID: 0}
  m_PrefabAsset: {fileID: 0}
  m_GameObject: {fileID: 53694653082644367}
  m_LocalRotation: {x: 0, y: 0, z: 0, w: 1}
  m_LocalPosition: {x: -0.8066893, y: 1.802, z: -14.31381}
  m_LocalScale: {x: 1, y: 1, z: 1}
  m_Children:
  - {fileID: 519174537052419459}
  m_Father: {fileID: 0}
  m_RootOrder: 0
  m_LocalEulerAnglesHint: {x: 0, y: 0, z: 0}
--- !u!114 &53694653082644360
MonoBehaviour:
  m_ObjectHideFlags: 0
  m_CorrespondingSourceObject: {fileID: 0}
  m_PrefabInstance: {fileID: 0}
  m_PrefabAsset: {fileID: 0}
  m_GameObject: {fileID: 53694653082644367}
  m_Enabled: 1
  m_EditorHideFlags: 0
  m_Script: {fileID: 11500000, guid: c459ace584be21843a7fcabe978c192a, type: 3}
  m_Name: 
  m_EditorClassIdentifier: 
--- !u!114 &53694653082644361
MonoBehaviour:
  m_ObjectHideFlags: 0
  m_CorrespondingSourceObject: {fileID: 0}
  m_PrefabInstance: {fileID: 0}
  m_PrefabAsset: {fileID: 0}
  m_GameObject: {fileID: 53694653082644367}
  m_Enabled: 1
  m_EditorHideFlags: 0
  m_Script: {fileID: 11500000, guid: b355b55fbfc774a469a755fd7e1a5a01, type: 3}
  m_Name: 
  m_EditorClassIdentifier: 
--- !u!65 &53694653082644366
BoxCollider:
  m_ObjectHideFlags: 0
  m_CorrespondingSourceObject: {fileID: 0}
  m_PrefabInstance: {fileID: 0}
  m_PrefabAsset: {fileID: 0}
  m_GameObject: {fileID: 53694653082644367}
  m_Material: {fileID: 0}
  m_IsTrigger: 0
  m_Enabled: 1
  serializedVersion: 2
  m_Size: {x: 1, y: 1, z: 1}
  m_Center: {x: 0, y: 0, z: 0}
--- !u!95 &53694654097560164
Animator:
  serializedVersion: 3
  m_ObjectHideFlags: 0
  m_CorrespondingSourceObject: {fileID: 0}
  m_PrefabInstance: {fileID: 0}
  m_PrefabAsset: {fileID: 0}
  m_GameObject: {fileID: 900626266126790457}
  m_Enabled: 1
  m_Avatar: {fileID: 0}
  m_Controller: {fileID: 22100000, guid: 99bd72da9f5bc7b43a470144c004102a, type: 2}
  m_CullingMode: 0
  m_UpdateMode: 0
  m_ApplyRootMotion: 0
  m_LinearVelocityBlending: 0
  m_WarningMessage: 
  m_HasTransformHierarchy: 1
  m_AllowConstantClipSamplingOptimization: 1
  m_KeepAnimatorControllerStateOnDisable: 0
--- !u!1001 &53694654097560168
PrefabInstance:
  m_ObjectHideFlags: 0
  serializedVersion: 2
  m_Modification:
    m_TransformParent: {fileID: 53694653082644363}
    m_Modifications:
    - target: {fileID: -8925943583746625120, guid: 262367924e428184a97833f9621a76de, type: 3}
      propertyPath: m_Materials.Array.data[0]
      value: 
      objectReference: {fileID: 2100000, guid: 90336d56c9db84b4ea91fb36bf83ce38, type: 2}
    - target: {fileID: -8679921383154817045, guid: 262367924e428184a97833f9621a76de, type: 3}
      propertyPath: m_RootOrder
      value: 0
      objectReference: {fileID: 0}
    - target: {fileID: -8679921383154817045, guid: 262367924e428184a97833f9621a76de, type: 3}
      propertyPath: m_LocalPosition.x
      value: 0
      objectReference: {fileID: 0}
    - target: {fileID: -8679921383154817045, guid: 262367924e428184a97833f9621a76de, type: 3}
      propertyPath: m_LocalPosition.y
      value: -0.45
      objectReference: {fileID: 0}
    - target: {fileID: -8679921383154817045, guid: 262367924e428184a97833f9621a76de, type: 3}
      propertyPath: m_LocalPosition.z
      value: 0
      objectReference: {fileID: 0}
    - target: {fileID: -8679921383154817045, guid: 262367924e428184a97833f9621a76de, type: 3}
      propertyPath: m_LocalRotation.w
      value: 1
      objectReference: {fileID: 0}
    - target: {fileID: -8679921383154817045, guid: 262367924e428184a97833f9621a76de, type: 3}
      propertyPath: m_LocalRotation.x
      value: -0
      objectReference: {fileID: 0}
    - target: {fileID: -8679921383154817045, guid: 262367924e428184a97833f9621a76de, type: 3}
      propertyPath: m_LocalRotation.y
      value: -0
      objectReference: {fileID: 0}
    - target: {fileID: -8679921383154817045, guid: 262367924e428184a97833f9621a76de, type: 3}
      propertyPath: m_LocalRotation.z
      value: -0
      objectReference: {fileID: 0}
    - target: {fileID: -8679921383154817045, guid: 262367924e428184a97833f9621a76de, type: 3}
      propertyPath: m_LocalEulerAnglesHint.x
      value: 0
      objectReference: {fileID: 0}
    - target: {fileID: -8679921383154817045, guid: 262367924e428184a97833f9621a76de, type: 3}
      propertyPath: m_LocalEulerAnglesHint.y
      value: 0
      objectReference: {fileID: 0}
    - target: {fileID: -8679921383154817045, guid: 262367924e428184a97833f9621a76de, type: 3}
      propertyPath: m_LocalEulerAnglesHint.z
      value: 0
      objectReference: {fileID: 0}
    - target: {fileID: 919132149155446097, guid: 262367924e428184a97833f9621a76de, type: 3}
      propertyPath: m_Name
      value: The_Troller_Mesh
      objectReference: {fileID: 0}
    - target: {fileID: 3488378202212200059, guid: 262367924e428184a97833f9621a76de, type: 3}
      propertyPath: m_Materials.Array.data[0]
      value: 
      objectReference: {fileID: 2100000, guid: 90336d56c9db84b4ea91fb36bf83ce38, type: 2}
    - target: {fileID: 3991640695047434582, guid: 262367924e428184a97833f9621a76de, type: 3}
      propertyPath: m_Materials.Array.data[0]
      value: 
      objectReference: {fileID: 2100000, guid: 90336d56c9db84b4ea91fb36bf83ce38, type: 2}
    - target: {fileID: 4102914110009761573, guid: 262367924e428184a97833f9621a76de, type: 3}
      propertyPath: m_Materials.Array.data[0]
      value: 
      objectReference: {fileID: 2100000, guid: 90336d56c9db84b4ea91fb36bf83ce38, type: 2}
    - target: {fileID: 8165528435040338594, guid: 262367924e428184a97833f9621a76de, type: 3}
      propertyPath: m_Materials.Array.data[0]
      value: 
      objectReference: {fileID: 2100000, guid: 90336d56c9db84b4ea91fb36bf83ce38, type: 2}
    m_RemovedComponents: []
  m_SourcePrefab: {fileID: 100100000, guid: 262367924e428184a97833f9621a76de, type: 3}
--- !u!1 &900626266126790457 stripped
GameObject:
  m_CorrespondingSourceObject: {fileID: 919132149155446097, guid: 262367924e428184a97833f9621a76de, type: 3}
  m_PrefabInstance: {fileID: 53694654097560168}
  m_PrefabAsset: {fileID: 0}
--- !u!4 &519174537052419459 stripped
Transform:
  m_CorrespondingSourceObject: {fileID: -8679921383154817045, guid: 262367924e428184a97833f9621a76de, type: 3}
  m_PrefabInstance: {fileID: 53694654097560168}
  m_PrefabAsset: {fileID: 0}
--- !u!4 &1077759078010471316 stripped
Transform:
  m_CorrespondingSourceObject: {fileID: -8193671516016684548, guid: 262367924e428184a97833f9621a76de, type: 3}
  m_PrefabInstance: {fileID: 53694654097560168}
  m_PrefabAsset: {fileID: 0}
--- !u!1001 &53694654178567693
PrefabInstance:
  m_ObjectHideFlags: 0
  serializedVersion: 2
  m_Modification:
    m_TransformParent: {fileID: 1077759078010471316}
    m_Modifications:
    - target: {fileID: -8679921383154817045, guid: 7163252574dee8d4185513d72f1869fc, type: 3}
      propertyPath: m_RootOrder
      value: 4
      objectReference: {fileID: 0}
    - target: {fileID: -8679921383154817045, guid: 7163252574dee8d4185513d72f1869fc, type: 3}
      propertyPath: m_LocalPosition.x
      value: -0.1278
      objectReference: {fileID: 0}
    - target: {fileID: -8679921383154817045, guid: 7163252574dee8d4185513d72f1869fc, type: 3}
      propertyPath: m_LocalPosition.y
      value: -0.0824
      objectReference: {fileID: 0}
    - target: {fileID: -8679921383154817045, guid: 7163252574dee8d4185513d72f1869fc, type: 3}
      propertyPath: m_LocalPosition.z
      value: 0.2083
      objectReference: {fileID: 0}
    - target: {fileID: -8679921383154817045, guid: 7163252574dee8d4185513d72f1869fc, type: 3}
      propertyPath: m_LocalRotation.w
      value: 0.5493187
      objectReference: {fileID: 0}
    - target: {fileID: -8679921383154817045, guid: 7163252574dee8d4185513d72f1869fc, type: 3}
      propertyPath: m_LocalRotation.x
      value: -0.43239275
      objectReference: {fileID: 0}
    - target: {fileID: -8679921383154817045, guid: 7163252574dee8d4185513d72f1869fc, type: 3}
      propertyPath: m_LocalRotation.y
      value: -0.469325
      objectReference: {fileID: 0}
    - target: {fileID: -8679921383154817045, guid: 7163252574dee8d4185513d72f1869fc, type: 3}
      propertyPath: m_LocalRotation.z
      value: 0.5394623
      objectReference: {fileID: 0}
    - target: {fileID: -8679921383154817045, guid: 7163252574dee8d4185513d72f1869fc, type: 3}
      propertyPath: m_LocalEulerAnglesHint.x
      value: 1.795
      objectReference: {fileID: 0}
    - target: {fileID: -8679921383154817045, guid: 7163252574dee8d4185513d72f1869fc, type: 3}
      propertyPath: m_LocalEulerAnglesHint.y
      value: -79.302
      objectReference: {fileID: 0}
    - target: {fileID: -8679921383154817045, guid: 7163252574dee8d4185513d72f1869fc, type: 3}
      propertyPath: m_LocalEulerAnglesHint.z
      value: 87.475
      objectReference: {fileID: 0}
    - target: {fileID: -7511558181221131132, guid: 7163252574dee8d4185513d72f1869fc, type: 3}
      propertyPath: m_Materials.Array.data[0]
      value: 
      objectReference: {fileID: 2100000, guid: 90336d56c9db84b4ea91fb36bf83ce38, type: 2}
    - target: {fileID: 919132149155446097, guid: 7163252574dee8d4185513d72f1869fc, type: 3}
      propertyPath: m_Name
      value: Hummer_Mesh
      objectReference: {fileID: 0}
    m_RemovedComponents: []
  m_SourcePrefab: {fileID: 100100000, guid: 7163252574dee8d4185513d72f1869fc, type: 3}
