%YAML 1.1
%TAG !u! tag:unity3d.com,2011:
--- !u!1 &116944672114179183
GameObject:
  m_ObjectHideFlags: 0
  m_CorrespondingSourceObject: {fileID: 0}
  m_PrefabInstance: {fileID: 0}
  m_PrefabAsset: {fileID: 0}
  serializedVersion: 6
  m_Component:
  - component: {fileID: 5829071433738144913}
  m_Layer: 0
  m_Name: Knockoff1
  m_TagString: Untagged
  m_Icon: {fileID: 0}
  m_NavMeshLayer: 0
  m_StaticEditorFlags: 0
  m_IsActive: 1
--- !u!4 &5829071433738144913
Transform:
  m_ObjectHideFlags: 0
  m_CorrespondingSourceObject: {fileID: 0}
  m_PrefabInstance: {fileID: 0}
  m_PrefabAsset: {fileID: 0}
  m_GameObject: {fileID: 116944672114179183}
  m_LocalRotation: {x: 0, y: -0.09497711, z: 0, w: 0.99547946}
  m_LocalPosition: {x: 0, y: 0, z: 0}
  m_LocalScale: {x: 1, y: 1, z: 1}
  m_Children:
  - {fileID: 2875151191021512030}
  - {fileID: 9077707241165160702}
  - {fileID: 2564108749344557623}
  m_Father: {fileID: 0}
  m_RootOrder: 0
  m_LocalEulerAnglesHint: {x: 0, y: -10.9, z: 0}
--- !u!1001 &4328332813488482339
PrefabInstance:
  m_ObjectHideFlags: 0
  serializedVersion: 2
  m_Modification:
    m_TransformParent: {fileID: 5829071433738144913}
    m_Modifications:
    - target: {fileID: 4749940127516715229, guid: 748ca274b89873247873cee26d353629, type: 3}
      propertyPath: m_RootOrder
      value: 1
      objectReference: {fileID: 0}
    - target: {fileID: 4749940127516715229, guid: 748ca274b89873247873cee26d353629, type: 3}
      propertyPath: m_LocalScale.x
      value: 1
      objectReference: {fileID: 0}
    - target: {fileID: 4749940127516715229, guid: 748ca274b89873247873cee26d353629, type: 3}
      propertyPath: m_LocalScale.y
      value: 3
      objectReference: {fileID: 0}
    - target: {fileID: 4749940127516715229, guid: 748ca274b89873247873cee26d353629, type: 3}
      propertyPath: m_LocalScale.z
      value: 1
      objectReference: {fileID: 0}
    - target: {fileID: 4749940127516715229, guid: 748ca274b89873247873cee26d353629, type: 3}
      propertyPath: m_LocalPosition.x
      value: -0.985
      objectReference: {fileID: 0}
    - target: {fileID: 4749940127516715229, guid: 748ca274b89873247873cee26d353629, type: 3}
      propertyPath: m_LocalPosition.y
      value: 0.234
      objectReference: {fileID: 0}
    - target: {fileID: 4749940127516715229, guid: 748ca274b89873247873cee26d353629, type: 3}
      propertyPath: m_LocalPosition.z
      value: 1.016
      objectReference: {fileID: 0}
    - target: {fileID: 4749940127516715229, guid: 748ca274b89873247873cee26d353629, type: 3}
      propertyPath: m_LocalRotation.w
      value: 1
      objectReference: {fileID: 0}
    - target: {fileID: 4749940127516715229, guid: 748ca274b89873247873cee26d353629, type: 3}
      propertyPath: m_LocalRotation.x
      value: -0
      objectReference: {fileID: 0}
    - target: {fileID: 4749940127516715229, guid: 748ca274b89873247873cee26d353629, type: 3}
      propertyPath: m_LocalRotation.y
      value: -0
      objectReference: {fileID: 0}
    - target: {fileID: 4749940127516715229, guid: 748ca274b89873247873cee26d353629, type: 3}
      propertyPath: m_LocalRotation.z
      value: -0
      objectReference: {fileID: 0}
    - target: {fileID: 4749940127516715229, guid: 748ca274b89873247873cee26d353629, type: 3}
      propertyPath: m_LocalEulerAnglesHint.x
      value: 0
      objectReference: {fileID: 0}
    - target: {fileID: 4749940127516715229, guid: 748ca274b89873247873cee26d353629, type: 3}
      propertyPath: m_LocalEulerAnglesHint.y
      value: 0
      objectReference: {fileID: 0}
    - target: {fileID: 4749940127516715229, guid: 748ca274b89873247873cee26d353629, type: 3}
      propertyPath: m_LocalEulerAnglesHint.z
      value: 0
      objectReference: {fileID: 0}
    - target: {fileID: 4749940127517013245, guid: 748ca274b89873247873cee26d353629, type: 3}
      propertyPath: m_Name
      value: Rock_04 (7)
      objectReference: {fileID: 0}
    m_RemovedComponents: []
  m_SourcePrefab: {fileID: 100100000, guid: 748ca274b89873247873cee26d353629, type: 3}
--- !u!4 &9077707241165160702 stripped
Transform:
  m_CorrespondingSourceObject: {fileID: 4749940127516715229, guid: 748ca274b89873247873cee26d353629, type: 3}
  m_PrefabInstance: {fileID: 4328332813488482339}
  m_PrefabAsset: {fileID: 0}
--- !u!1001 &7097292803828785898
PrefabInstance:
  m_ObjectHideFlags: 0
  serializedVersion: 2
  m_Modification:
    m_TransformParent: {fileID: 5829071433738144913}
    m_Modifications:
    - target: {fileID: 4749940127516715229, guid: 748ca274b89873247873cee26d353629, type: 3}
      propertyPath: m_RootOrder
      value: 2
      objectReference: {fileID: 0}
    - target: {fileID: 4749940127516715229, guid: 748ca274b89873247873cee26d353629, type: 3}
      propertyPath: m_LocalScale.x
      value: 1
      objectReference: {fileID: 0}
    - target: {fileID: 4749940127516715229, guid: 748ca274b89873247873cee26d353629, type: 3}
      propertyPath: m_LocalScale.y
      value: 3
      objectReference: {fileID: 0}
    - target: {fileID: 4749940127516715229, guid: 748ca274b89873247873cee26d353629, type: 3}
      propertyPath: m_LocalScale.z
      value: 1
      objectReference: {fileID: 0}
    - target: {fileID: 4749940127516715229, guid: 748ca274b89873247873cee26d353629, type: 3}
      propertyPath: m_LocalPosition.x
      value: -0.09
      objectReference: {fileID: 0}
    - target: {fileID: 4749940127516715229, guid: 748ca274b89873247873cee26d353629, type: 3}
      propertyPath: m_LocalPosition.y
      value: 2.07
      objectReference: {fileID: 0}
    - target: {fileID: 4749940127516715229, guid: 748ca274b89873247873cee26d353629, type: 3}
      propertyPath: m_LocalPosition.z
      value: 0.09
      objectReference: {fileID: 0}
    - target: {fileID: 4749940127516715229, guid: 748ca274b89873247873cee26d353629, type: 3}
      propertyPath: m_LocalRotation.w
      value: 0.66551197
      objectReference: {fileID: 0}
    - target: {fileID: 4749940127516715229, guid: 748ca274b89873247873cee26d353629, type: 3}
      propertyPath: m_LocalRotation.x
      value: 0.66551197
      objectReference: {fileID: 0}
    - target: {fileID: 4749940127516715229, guid: 748ca274b89873247873cee26d353629, type: 3}
      propertyPath: m_LocalRotation.y
      value: -0.23894314
      objectReference: {fileID: 0}
    - target: {fileID: 4749940127516715229, guid: 748ca274b89873247873cee26d353629, type: 3}
      propertyPath: m_LocalRotation.z
      value: 0.23894314
      objectReference: {fileID: 0}
    - target: {fileID: 4749940127516715229, guid: 748ca274b89873247873cee26d353629, type: 3}
      propertyPath: m_LocalEulerAnglesHint.x
      value: 90
      objectReference: {fileID: 0}
    - target: {fileID: 4749940127516715229, guid: 748ca274b89873247873cee26d353629, type: 3}
      propertyPath: m_LocalEulerAnglesHint.y
      value: -39.5
      objectReference: {fileID: 0}
    - target: {fileID: 4749940127516715229, guid: 748ca274b89873247873cee26d353629, type: 3}
      propertyPath: m_LocalEulerAnglesHint.z
      value: 0
      objectReference: {fileID: 0}
    - target: {fileID: 4749940127517013245, guid: 748ca274b89873247873cee26d353629, type: 3}
      propertyPath: m_Name
      value: Rock_04 (8)
      objectReference: {fileID: 0}
    m_RemovedComponents: []
  m_SourcePrefab: {fileID: 100100000, guid: 748ca274b89873247873cee26d353629, type: 3}
--- !u!4 &2564108749344557623 stripped
Transform:
  m_CorrespondingSourceObject: {fileID: 4749940127516715229, guid: 748ca274b89873247873cee26d353629, type: 3}
  m_PrefabInstance: {fileID: 7097292803828785898}
  m_PrefabAsset: {fileID: 0}
--- !u!1001 &7353740094066462083
PrefabInstance:
  m_ObjectHideFlags: 0
  serializedVersion: 2
  m_Modification:
    m_TransformParent: {fileID: 5829071433738144913}
    m_Modifications:
    - target: {fileID: 4749940127516715229, guid: 748ca274b89873247873cee26d353629, type: 3}
      propertyPath: m_RootOrder
      value: 0
      objectReference: {fileID: 0}
    - target: {fileID: 4749940127516715229, guid: 748ca274b89873247873cee26d353629, type: 3}
      propertyPath: m_LocalScale.x
      value: 1
      objectReference: {fileID: 0}
    - target: {fileID: 4749940127516715229, guid: 748ca274b89873247873cee26d353629, type: 3}
      propertyPath: m_LocalScale.y
      value: 3
      objectReference: {fileID: 0}
    - target: {fileID: 4749940127516715229, guid: 748ca274b89873247873cee26d353629, type: 3}
      propertyPath: m_LocalScale.z
      value: 1
      objectReference: {fileID: 0}
    - target: {fileID: 4749940127516715229, guid: 748ca274b89873247873cee26d353629, type: 3}
      propertyPath: m_LocalPosition.x
      value: 0.897
      objectReference: {fileID: 0}
    - target: {fileID: 4749940127516715229, guid: 748ca274b89873247873cee26d353629, type: 3}
      propertyPath: m_LocalPosition.y
      value: 0.14
      objectReference: {fileID: 0}
    - target: {fileID: 4749940127516715229, guid: 748ca274b89873247873cee26d353629, type: 3}
      propertyPath: m_LocalPosition.z
      value: -0.517
      objectReference: {fileID: 0}
    - target: {fileID: 4749940127516715229, guid: 748ca274b89873247873cee26d353629, type: 3}
      propertyPath: m_LocalRotation.w
      value: 1
      objectReference: {fileID: 0}
    - target: {fileID: 4749940127516715229, guid: 748ca274b89873247873cee26d353629, type: 3}
      propertyPath: m_LocalRotation.x
      value: -0
      objectReference: {fileID: 0}
    - target: {fileID: 4749940127516715229, guid: 748ca274b89873247873cee26d353629, type: 3}
      propertyPath: m_LocalRotation.y
      value: -0
      objectReference: {fileID: 0}
    - target: {fileID: 4749940127516715229, guid: 748ca274b89873247873cee26d353629, type: 3}
      propertyPath: m_LocalRotation.z
      value: -0
      objectReference: {fileID: 0}
    - target: {fileID: 4749940127516715229, guid: 748ca274b89873247873cee26d353629, type: 3}
      propertyPath: m_LocalEulerAnglesHint.x
      value: 0
      objectReference: {fileID: 0}
    - target: {fileID: 4749940127516715229, guid: 748ca274b89873247873cee26d353629, type: 3}
      propertyPath: m_LocalEulerAnglesHint.y
      value: 0
      objectReference: {fileID: 0}
    - target: {fileID: 4749940127516715229, guid: 748ca274b89873247873cee26d353629, type: 3}
      propertyPath: m_LocalEulerAnglesHint.z
      value: 0
      objectReference: {fileID: 0}
    - target: {fileID: 4749940127517013245, guid: 748ca274b89873247873cee26d353629, type: 3}
      propertyPath: m_Name
      value: Rock_04 (6)
      objectReference: {fileID: 0}
    m_RemovedComponents: []
  m_SourcePrefab: {fileID: 100100000, guid: 748ca274b89873247873cee26d353629, type: 3}
--- !u!4 &2875151191021512030 stripped
Transform:
  m_CorrespondingSourceObject: {fileID: 4749940127516715229, guid: 748ca274b89873247873cee26d353629, type: 3}
  m_PrefabInstance: {fileID: 7353740094066462083}
  m_PrefabAsset: {fileID: 0}
