%YAML 1.1
%TAG !u! tag:unity3d.com,2011:
--- !u!1 &512842983463606589
GameObject:
  m_ObjectHideFlags: 0
  m_CorrespondingSourceObject: {fileID: 0}
  m_PrefabInstance: {fileID: 0}
  m_PrefabAsset: {fileID: 0}
  serializedVersion: 6
  m_Component:
  - component: {fileID: 1061136369849668437}
  - component: {fileID: 1660136645807726870}
  - component: {fileID: 742354377042513144}
  - component: {fileID: 5914937579630633322}
  - component: {fileID: 5488178283589324465}
  m_Layer: 5
  m_Name: SellButton
  m_TagString: Untagged
  m_Icon: {fileID: 0}
  m_NavMeshLayer: 0
  m_StaticEditorFlags: 0
  m_IsActive: 1
--- !u!224 &1061136369849668437
RectTransform:
  m_ObjectHideFlags: 0
  m_CorrespondingSourceObject: {fileID: 0}
  m_PrefabInstance: {fileID: 0}
  m_PrefabAsset: {fileID: 0}
  m_GameObject: {fileID: 512842983463606589}
  m_LocalRotation: {x: 0, y: 0, z: 0, w: 1}
  m_LocalPosition: {x: 0, y: 0, z: 0}
  m_LocalScale: {x: 1, y: 1, z: 1}
  m_Children:
  - {fileID: 7855963257108044635}
  m_Father: {fileID: 1748330710910685452}
  m_RootOrder: 1
  m_LocalEulerAnglesHint: {x: 0, y: 0, z: 0}
  m_AnchorMin: {x: 1, y: 0.5}
  m_AnchorMax: {x: 1, y: 0.5}
  m_AnchoredPosition: {x: -80, y: 0}
  m_SizeDelta: {x: 130, y: 70}
  m_Pivot: {x: 0.5, y: 0.5}
--- !u!222 &1660136645807726870
CanvasRenderer:
  m_ObjectHideFlags: 0
  m_CorrespondingSourceObject: {fileID: 0}
  m_PrefabInstance: {fileID: 0}
  m_PrefabAsset: {fileID: 0}
  m_GameObject: {fileID: 512842983463606589}
  m_CullTransparentMesh: 1
--- !u!114 &742354377042513144
MonoBehaviour:
  m_ObjectHideFlags: 0
  m_CorrespondingSourceObject: {fileID: 0}
  m_PrefabInstance: {fileID: 0}
  m_PrefabAsset: {fileID: 0}
  m_GameObject: {fileID: 512842983463606589}
  m_Enabled: 1
  m_EditorHideFlags: 0
  m_Script: {fileID: 11500000, guid: fe87c0e1cc204ed48ad3b37840f39efc, type: 3}
  m_Name: 
  m_EditorClassIdentifier: 
  m_Material: {fileID: 0}
  m_Color: {r: 1, g: 0, b: 0, a: 1}
  m_RaycastTarget: 1
  m_RaycastPadding: {x: 0, y: 0, z: 0, w: 0}
  m_Maskable: 1
  m_OnCullStateChanged:
    m_PersistentCalls:
      m_Calls: []
  m_Sprite: {fileID: 21300000, guid: ae5d8154561d2664e8f525b7213f0f06, type: 3}
  m_Type: 1
  m_PreserveAspect: 0
  m_FillCenter: 1
  m_FillMethod: 4
  m_FillAmount: 1
  m_FillClockwise: 1
  m_FillOrigin: 0
  m_UseSpriteMesh: 0
  m_PixelsPerUnitMultiplier: 8
--- !u!114 &5914937579630633322
MonoBehaviour:
  m_ObjectHideFlags: 0
  m_CorrespondingSourceObject: {fileID: 0}
  m_PrefabInstance: {fileID: 0}
  m_PrefabAsset: {fileID: 0}
  m_GameObject: {fileID: 512842983463606589}
  m_Enabled: 1
  m_EditorHideFlags: 0
  m_Script: {fileID: 11500000, guid: 4e29b1a8efbd4b44bb3f3716e73f07ff, type: 3}
  m_Name: 
  m_EditorClassIdentifier: 
  m_Navigation:
    m_Mode: 0
    m_WrapAround: 0
    m_SelectOnUp: {fileID: 0}
    m_SelectOnDown: {fileID: 0}
    m_SelectOnLeft: {fileID: 0}
    m_SelectOnRight: {fileID: 0}
  m_Transition: 1
  m_Colors:
    m_NormalColor: {r: 1, g: 1, b: 1, a: 1}
    m_HighlightedColor: {r: 0.8, g: 0.8, b: 0.8, a: 1}
    m_PressedColor: {r: 0.6666667, g: 0.6666667, b: 0.6666667, a: 1}
    m_SelectedColor: {r: 0.9607843, g: 0.9607843, b: 0.9607843, a: 1}
    m_DisabledColor: {r: 0.78431374, g: 0.78431374, b: 0.78431374, a: 0.5019608}
    m_ColorMultiplier: 1
    m_FadeDuration: 0.1
  m_SpriteState:
    m_HighlightedSprite: {fileID: 0}
    m_PressedSprite: {fileID: 0}
    m_SelectedSprite: {fileID: 0}
    m_DisabledSprite: {fileID: 0}
  m_AnimationTriggers:
    m_NormalTrigger: Normal
    m_HighlightedTrigger: Highlighted
    m_PressedTrigger: Pressed
    m_SelectedTrigger: Selected
    m_DisabledTrigger: Disabled
  m_Interactable: 1
  m_TargetGraphic: {fileID: 742354377042513144}
  m_OnClick:
    m_PersistentCalls:
      m_Calls:
      - m_Target: {fileID: 1884533303751004896, guid: 5425953f4fcb7984a9012bf4d498913c, type: 3}
        m_TargetAssemblyTypeName: Shop, Assembly-CSharp
        m_MethodName: SellTower
        m_Mode: 1
        m_Arguments:
          m_ObjectArgument: {fileID: 0}
          m_ObjectArgumentAssemblyTypeName: UnityEngine.Object, UnityEngine
          m_IntArgument: 0
          m_FloatArgument: 0
          m_StringArgument: 
          m_BoolArgument: 0
        m_CallState: 2
--- !u!114 &5488178283589324465
MonoBehaviour:
  m_ObjectHideFlags: 0
  m_CorrespondingSourceObject: {fileID: 0}
  m_PrefabInstance: {fileID: 0}
  m_PrefabAsset: {fileID: 0}
  m_GameObject: {fileID: 512842983463606589}
  m_Enabled: 1
  m_EditorHideFlags: 0
  m_Script: {fileID: 11500000, guid: e19747de3f5aca642ab2be37e372fb86, type: 3}
  m_Name: 
  m_EditorClassIdentifier: 
  m_EffectColor: {r: 0, g: 0, b: 0, a: 0.23529412}
  m_EffectDistance: {x: 2.4, y: 2.4}
  m_UseGraphicAlpha: 1
--- !u!1 &779586971809507117
GameObject:
  m_ObjectHideFlags: 0
  m_CorrespondingSourceObject: {fileID: 0}
  m_PrefabInstance: {fileID: 0}
  m_PrefabAsset: {fileID: 0}
  serializedVersion: 6
  m_Component:
  - component: {fileID: 6776730829815535839}
  - component: {fileID: 9146883083521114703}
  - component: {fileID: 4864907283002681065}
  m_Layer: 5
  m_Name: SellBackground
  m_TagString: Untagged
  m_Icon: {fileID: 0}
  m_NavMeshLayer: 0
  m_StaticEditorFlags: 0
  m_IsActive: 1
--- !u!224 &6776730829815535839
RectTransform:
  m_ObjectHideFlags: 0
  m_CorrespondingSourceObject: {fileID: 0}
  m_PrefabInstance: {fileID: 0}
  m_PrefabAsset: {fileID: 0}
  m_GameObject: {fileID: 779586971809507117}
  m_LocalRotation: {x: 0, y: 0, z: 0, w: 1}
  m_LocalPosition: {x: 0, y: 0, z: 0}
  m_LocalScale: {x: 1, y: 1, z: 1}
  m_Children:
  - {fileID: 8552767888932613636}
  - {fileID: 483615304191967781}
  m_Father: {fileID: 1748330710910685452}
  m_RootOrder: 0
  m_LocalEulerAnglesHint: {x: 0, y: 0, z: 0}
  m_AnchorMin: {x: 0, y: 0.5}
  m_AnchorMax: {x: 0, y: 0.5}
  m_AnchoredPosition: {x: 122.5, y: 0}
  m_SizeDelta: {x: 215, y: 60}
  m_Pivot: {x: 0.5, y: 0.5}
--- !u!222 &9146883083521114703
CanvasRenderer:
  m_ObjectHideFlags: 0
  m_CorrespondingSourceObject: {fileID: 0}
  m_PrefabInstance: {fileID: 0}
  m_PrefabAsset: {fileID: 0}
  m_GameObject: {fileID: 779586971809507117}
  m_CullTransparentMesh: 1
--- !u!114 &4864907283002681065
MonoBehaviour:
  m_ObjectHideFlags: 0
  m_CorrespondingSourceObject: {fileID: 0}
  m_PrefabInstance: {fileID: 0}
  m_PrefabAsset: {fileID: 0}
  m_GameObject: {fileID: 779586971809507117}
  m_Enabled: 1
  m_EditorHideFlags: 0
  m_Script: {fileID: 11500000, guid: fe87c0e1cc204ed48ad3b37840f39efc, type: 3}
  m_Name: 
  m_EditorClassIdentifier: 
  m_Material: {fileID: 0}
  m_Color: {r: 0, g: 0, b: 0, a: 0.2627451}
  m_RaycastTarget: 1
  m_RaycastPadding: {x: 0, y: 0, z: 0, w: 0}
  m_Maskable: 1
  m_OnCullStateChanged:
    m_PersistentCalls:
      m_Calls: []
  m_Sprite: {fileID: 21300000, guid: ae5d8154561d2664e8f525b7213f0f06, type: 3}
  m_Type: 1
  m_PreserveAspect: 0
  m_FillCenter: 1
  m_FillMethod: 4
  m_FillAmount: 1
  m_FillClockwise: 1
  m_FillOrigin: 0
  m_UseSpriteMesh: 0
  m_PixelsPerUnitMultiplier: 10
--- !u!1 &914829755477437439
GameObject:
  m_ObjectHideFlags: 0
  m_CorrespondingSourceObject: {fileID: 0}
  m_PrefabInstance: {fileID: 0}
  m_PrefabAsset: {fileID: 0}
  serializedVersion: 6
  m_Component:
  - component: {fileID: 7648339659527998159}
  - component: {fileID: 5916541654415499686}
  - component: {fileID: 5959179233322208731}
  - component: {fileID: 3624732967009768365}
  m_Layer: 5
  m_Name: UpgradeOptions
  m_TagString: Untagged
  m_Icon: {fileID: 0}
  m_NavMeshLayer: 0
  m_StaticEditorFlags: 0
  m_IsActive: 1
--- !u!224 &7648339659527998159
RectTransform:
  m_ObjectHideFlags: 0
  m_CorrespondingSourceObject: {fileID: 0}
  m_PrefabInstance: {fileID: 0}
  m_PrefabAsset: {fileID: 0}
  m_GameObject: {fileID: 914829755477437439}
  m_LocalRotation: {x: 0, y: 0, z: 0, w: 1}
  m_LocalPosition: {x: 0, y: 0, z: 0}
  m_LocalScale: {x: 1, y: 1, z: 1}
  m_Children:
  - {fileID: 3967700226338349795}
  - {fileID: 6877927771812870152}
  - {fileID: 3040289615445972255}
  m_Father: {fileID: 7194982919896526467}
  m_RootOrder: 1
  m_LocalEulerAnglesHint: {x: 0, y: 0, z: 0}
  m_AnchorMin: {x: 0, y: 0}
  m_AnchorMax: {x: 1, y: 1}
  m_AnchoredPosition: {x: 0, y: 5}
  m_SizeDelta: {x: -30, y: -190}
  m_Pivot: {x: 0.5, y: 0.5}
--- !u!222 &5916541654415499686
CanvasRenderer:
  m_ObjectHideFlags: 0
  m_CorrespondingSourceObject: {fileID: 0}
  m_PrefabInstance: {fileID: 0}
  m_PrefabAsset: {fileID: 0}
  m_GameObject: {fileID: 914829755477437439}
  m_CullTransparentMesh: 1
--- !u!114 &5959179233322208731
MonoBehaviour:
  m_ObjectHideFlags: 0
  m_CorrespondingSourceObject: {fileID: 0}
  m_PrefabInstance: {fileID: 0}
  m_PrefabAsset: {fileID: 0}
  m_GameObject: {fileID: 914829755477437439}
  m_Enabled: 1
  m_EditorHideFlags: 0
  m_Script: {fileID: 11500000, guid: fe87c0e1cc204ed48ad3b37840f39efc, type: 3}
  m_Name: 
  m_EditorClassIdentifier: 
  m_Material: {fileID: 0}
  m_Color: {r: 0.52156866, g: 0.3764706, b: 0.21176471, a: 1}
  m_RaycastTarget: 1
  m_RaycastPadding: {x: 0, y: 0, z: 0, w: 0}
  m_Maskable: 1
  m_OnCullStateChanged:
    m_PersistentCalls:
      m_Calls: []
  m_Sprite: {fileID: 21300000, guid: ae5d8154561d2664e8f525b7213f0f06, type: 3}
  m_Type: 1
  m_PreserveAspect: 0
  m_FillCenter: 1
  m_FillMethod: 4
  m_FillAmount: 1
  m_FillClockwise: 1
  m_FillOrigin: 0
  m_UseSpriteMesh: 0
  m_PixelsPerUnitMultiplier: 14
--- !u!114 &3624732967009768365
MonoBehaviour:
  m_ObjectHideFlags: 0
  m_CorrespondingSourceObject: {fileID: 0}
  m_PrefabInstance: {fileID: 0}
  m_PrefabAsset: {fileID: 0}
  m_GameObject: {fileID: 914829755477437439}
  m_Enabled: 1
  m_EditorHideFlags: 0
  m_Script: {fileID: 11500000, guid: 8a8695521f0d02e499659fee002a26c2, type: 3}
  m_Name: 
  m_EditorClassIdentifier: 
  m_Padding:
    m_Left: 0
    m_Right: 0
    m_Top: 20
    m_Bottom: 0
  m_ChildAlignment: 1
  m_StartCorner: 0
  m_StartAxis: 0
  m_CellSize: {x: 480, y: 237}
  m_Spacing: {x: 20, y: 20}
  m_Constraint: 0
  m_ConstraintCount: 2
--- !u!1 &1862576349541244928
GameObject:
  m_ObjectHideFlags: 0
  m_CorrespondingSourceObject: {fileID: 0}
  m_PrefabInstance: {fileID: 0}
  m_PrefabAsset: {fileID: 0}
  serializedVersion: 6
  m_Component:
  - component: {fileID: 1748330710910685452}
  m_Layer: 5
  m_Name: SellOption
  m_TagString: Untagged
  m_Icon: {fileID: 0}
  m_NavMeshLayer: 0
  m_StaticEditorFlags: 0
  m_IsActive: 1
--- !u!224 &1748330710910685452
RectTransform:
  m_ObjectHideFlags: 0
  m_CorrespondingSourceObject: {fileID: 0}
  m_PrefabInstance: {fileID: 0}
  m_PrefabAsset: {fileID: 0}
  m_GameObject: {fileID: 1862576349541244928}
  m_LocalRotation: {x: 0, y: 0, z: 0, w: 1}
  m_LocalPosition: {x: 0, y: 0, z: 0}
  m_LocalScale: {x: 1, y: 1, z: 1}
  m_Children:
  - {fileID: 6776730829815535839}
  - {fileID: 1061136369849668437}
  m_Father: {fileID: 7194982919896526467}
  m_RootOrder: 2
  m_LocalEulerAnglesHint: {x: 0, y: 0, z: 0}
  m_AnchorMin: {x: 0.5, y: 0}
  m_AnchorMax: {x: 0.5, y: 0}
  m_AnchoredPosition: {x: 0, y: 50}
  m_SizeDelta: {x: 350, y: 100}
  m_Pivot: {x: 0.5, y: 0.5}
--- !u!1 &3344599023730683052
GameObject:
  m_ObjectHideFlags: 0
  m_CorrespondingSourceObject: {fileID: 0}
  m_PrefabInstance: {fileID: 0}
  m_PrefabAsset: {fileID: 0}
  serializedVersion: 6
  m_Component:
  - component: {fileID: 7855963257108044635}
  - component: {fileID: 5899015249850791174}
  - component: {fileID: 5284783783827153003}
  m_Layer: 5
  m_Name: Text
  m_TagString: Untagged
  m_Icon: {fileID: 0}
  m_NavMeshLayer: 0
  m_StaticEditorFlags: 0
  m_IsActive: 1
--- !u!224 &7855963257108044635
RectTransform:
  m_ObjectHideFlags: 0
  m_CorrespondingSourceObject: {fileID: 0}
  m_PrefabInstance: {fileID: 0}
  m_PrefabAsset: {fileID: 0}
  m_GameObject: {fileID: 3344599023730683052}
  m_LocalRotation: {x: 0, y: 0, z: 0, w: 1}
  m_LocalPosition: {x: 0, y: 0, z: 0}
  m_LocalScale: {x: 1, y: 1, z: 1}
  m_Children: []
  m_Father: {fileID: 1061136369849668437}
  m_RootOrder: 0
  m_LocalEulerAnglesHint: {x: 0, y: 0, z: 0}
  m_AnchorMin: {x: 0, y: 0}
  m_AnchorMax: {x: 1, y: 1}
  m_AnchoredPosition: {x: 0, y: 0}
  m_SizeDelta: {x: 0, y: 0}
  m_Pivot: {x: 0.5, y: 0.5}
--- !u!222 &5899015249850791174
CanvasRenderer:
  m_ObjectHideFlags: 0
  m_CorrespondingSourceObject: {fileID: 0}
  m_PrefabInstance: {fileID: 0}
  m_PrefabAsset: {fileID: 0}
  m_GameObject: {fileID: 3344599023730683052}
  m_CullTransparentMesh: 1
--- !u!114 &5284783783827153003
MonoBehaviour:
  m_ObjectHideFlags: 0
  m_CorrespondingSourceObject: {fileID: 0}
  m_PrefabInstance: {fileID: 0}
  m_PrefabAsset: {fileID: 0}
  m_GameObject: {fileID: 3344599023730683052}
  m_Enabled: 1
  m_EditorHideFlags: 0
  m_Script: {fileID: 11500000, guid: 5f7201a12d95ffc409449d95f23cf332, type: 3}
  m_Name: 
  m_EditorClassIdentifier: 
  m_Material: {fileID: 0}
  m_Color: {r: 1, g: 1, b: 1, a: 1}
  m_RaycastTarget: 1
  m_RaycastPadding: {x: 0, y: 0, z: 0, w: 0}
  m_Maskable: 1
  m_OnCullStateChanged:
    m_PersistentCalls:
      m_Calls: []
  m_FontData:
    m_Font: {fileID: 10102, guid: 0000000000000000e000000000000000, type: 0}
    m_FontSize: 50
    m_FontStyle: 0
    m_BestFit: 0
    m_MinSize: 2
    m_MaxSize: 60
    m_Alignment: 4
    m_AlignByGeometry: 0
    m_RichText: 1
    m_HorizontalOverflow: 0
    m_VerticalOverflow: 0
    m_LineSpacing: 1
  m_Text: Sell
--- !u!1 &4673461341255905431
GameObject:
  m_ObjectHideFlags: 0
  m_CorrespondingSourceObject: {fileID: 0}
  m_PrefabInstance: {fileID: 0}
  m_PrefabAsset: {fileID: 0}
  serializedVersion: 6
  m_Component:
  - component: {fileID: 8552767888932613636}
  - component: {fileID: 121875154009384167}
  - component: {fileID: 8588124177324996480}
  m_Layer: 5
  m_Name: MoneyImage
  m_TagString: Untagged
  m_Icon: {fileID: 0}
  m_NavMeshLayer: 0
  m_StaticEditorFlags: 0
  m_IsActive: 1
--- !u!224 &8552767888932613636
RectTransform:
  m_ObjectHideFlags: 0
  m_CorrespondingSourceObject: {fileID: 0}
  m_PrefabInstance: {fileID: 0}
  m_PrefabAsset: {fileID: 0}
  m_GameObject: {fileID: 4673461341255905431}
  m_LocalRotation: {x: 0, y: 0, z: 0, w: 1}
  m_LocalPosition: {x: 0, y: 0, z: 0}
  m_LocalScale: {x: 1, y: 1, z: 1}
  m_Children: []
  m_Father: {fileID: 6776730829815535839}
  m_RootOrder: 0
  m_LocalEulerAnglesHint: {x: 0, y: 0, z: 0}
  m_AnchorMin: {x: 0, y: 0.5}
  m_AnchorMax: {x: 0, y: 0.5}
  m_AnchoredPosition: {x: 30, y: 0}
  m_SizeDelta: {x: 30, y: 35}
  m_Pivot: {x: 0.5, y: 0.5}
--- !u!222 &121875154009384167
CanvasRenderer:
  m_ObjectHideFlags: 0
  m_CorrespondingSourceObject: {fileID: 0}
  m_PrefabInstance: {fileID: 0}
  m_PrefabAsset: {fileID: 0}
  m_GameObject: {fileID: 4673461341255905431}
  m_CullTransparentMesh: 1
--- !u!114 &8588124177324996480
MonoBehaviour:
  m_ObjectHideFlags: 0
  m_CorrespondingSourceObject: {fileID: 0}
  m_PrefabInstance: {fileID: 0}
  m_PrefabAsset: {fileID: 0}
  m_GameObject: {fileID: 4673461341255905431}
  m_Enabled: 1
  m_EditorHideFlags: 0
  m_Script: {fileID: 11500000, guid: fe87c0e1cc204ed48ad3b37840f39efc, type: 3}
  m_Name: 
  m_EditorClassIdentifier: 
  m_Material: {fileID: 0}
  m_Color: {r: 1, g: 1, b: 1, a: 1}
  m_RaycastTarget: 1
  m_RaycastPadding: {x: 0, y: 0, z: 0, w: 0}
  m_Maskable: 1
  m_OnCullStateChanged:
    m_PersistentCalls:
      m_Calls: []
  m_Sprite: {fileID: 21300000, guid: cada184638e8dba4c8104d7e2d464fe7, type: 3}
  m_Type: 0
  m_PreserveAspect: 0
  m_FillCenter: 1
  m_FillMethod: 4
  m_FillAmount: 1
  m_FillClockwise: 1
  m_FillOrigin: 0
  m_UseSpriteMesh: 0
  m_PixelsPerUnitMultiplier: 1
--- !u!1 &6296851208458788266
GameObject:
  m_ObjectHideFlags: 0
  m_CorrespondingSourceObject: {fileID: 0}
  m_PrefabInstance: {fileID: 0}
  m_PrefabAsset: {fileID: 0}
  serializedVersion: 6
  m_Component:
  - component: {fileID: 483615304191967781}
  - component: {fileID: 5668527472322699841}
  - component: {fileID: 4934735663222935152}
  m_Layer: 5
  m_Name: SellText
  m_TagString: Untagged
  m_Icon: {fileID: 0}
  m_NavMeshLayer: 0
  m_StaticEditorFlags: 0
  m_IsActive: 1
--- !u!224 &483615304191967781
RectTransform:
  m_ObjectHideFlags: 0
  m_CorrespondingSourceObject: {fileID: 0}
  m_PrefabInstance: {fileID: 0}
  m_PrefabAsset: {fileID: 0}
  m_GameObject: {fileID: 6296851208458788266}
  m_LocalRotation: {x: -0, y: -0, z: -0, w: 1}
  m_LocalPosition: {x: 0, y: 0, z: 0}
  m_LocalScale: {x: 1, y: 1, z: 1}
  m_Children: []
  m_Father: {fileID: 6776730829815535839}
  m_RootOrder: 1
  m_LocalEulerAnglesHint: {x: 0, y: 0, z: 0}
  m_AnchorMin: {x: 1, y: 0.5}
  m_AnchorMax: {x: 1, y: 0.5}
  m_AnchoredPosition: {x: -77.5, y: 0}
  m_SizeDelta: {x: 155, y: 40}
  m_Pivot: {x: 0.5, y: 0.5}
--- !u!222 &5668527472322699841
CanvasRenderer:
  m_ObjectHideFlags: 0
  m_CorrespondingSourceObject: {fileID: 0}
  m_PrefabInstance: {fileID: 0}
  m_PrefabAsset: {fileID: 0}
  m_GameObject: {fileID: 6296851208458788266}
  m_CullTransparentMesh: 1
--- !u!114 &4934735663222935152
MonoBehaviour:
  m_ObjectHideFlags: 0
  m_CorrespondingSourceObject: {fileID: 0}
  m_PrefabInstance: {fileID: 0}
  m_PrefabAsset: {fileID: 0}
  m_GameObject: {fileID: 6296851208458788266}
  m_Enabled: 1
  m_EditorHideFlags: 0
  m_Script: {fileID: 11500000, guid: 5f7201a12d95ffc409449d95f23cf332, type: 3}
  m_Name: 
  m_EditorClassIdentifier: 
  m_Material: {fileID: 0}
  m_Color: {r: 1, g: 1, b: 1, a: 1}
  m_RaycastTarget: 1
  m_RaycastPadding: {x: 0, y: 0, z: 0, w: 0}
  m_Maskable: 1
  m_OnCullStateChanged:
    m_PersistentCalls:
      m_Calls: []
  m_FontData:
    m_Font: {fileID: 10102, guid: 0000000000000000e000000000000000, type: 0}
    m_FontSize: 35
    m_FontStyle: 0
    m_BestFit: 0
    m_MinSize: 2
    m_MaxSize: 40
    m_Alignment: 3
    m_AlignByGeometry: 0
    m_RichText: 1
    m_HorizontalOverflow: 0
    m_VerticalOverflow: 0
    m_LineSpacing: 1
  m_Text: 0
--- !u!1 &7079682226789039704
GameObject:
  m_ObjectHideFlags: 0
  m_CorrespondingSourceObject: {fileID: 0}
  m_PrefabInstance: {fileID: 0}
  m_PrefabAsset: {fileID: 0}
  serializedVersion: 6
  m_Component:
  - component: {fileID: 3369943769858028666}
  - component: {fileID: 7053906624272263721}
  - component: {fileID: 1683456766366220279}
  m_Layer: 5
  m_Name: TitleBackground
  m_TagString: Untagged
  m_Icon: {fileID: 0}
  m_NavMeshLayer: 0
  m_StaticEditorFlags: 0
  m_IsActive: 1
--- !u!224 &3369943769858028666
RectTransform:
  m_ObjectHideFlags: 0
  m_CorrespondingSourceObject: {fileID: 0}
  m_PrefabInstance: {fileID: 0}
  m_PrefabAsset: {fileID: 0}
  m_GameObject: {fileID: 7079682226789039704}
  m_LocalRotation: {x: 0, y: 0, z: 0, w: 1}
  m_LocalPosition: {x: 0, y: 0, z: 0}
  m_LocalScale: {x: 1, y: 1, z: 1}
  m_Children:
  - {fileID: 9176398713585739678}
  m_Father: {fileID: 7194982919896526467}
  m_RootOrder: 0
  m_LocalEulerAnglesHint: {x: 0, y: 0, z: 0}
  m_AnchorMin: {x: 0, y: 1}
  m_AnchorMax: {x: 1, y: 1}
  m_AnchoredPosition: {x: 0, y: -47.5}
  m_SizeDelta: {x: -70, y: 60}
  m_Pivot: {x: 0.5, y: 0.5}
--- !u!222 &7053906624272263721
CanvasRenderer:
  m_ObjectHideFlags: 0
  m_CorrespondingSourceObject: {fileID: 0}
  m_PrefabInstance: {fileID: 0}
  m_PrefabAsset: {fileID: 0}
  m_GameObject: {fileID: 7079682226789039704}
  m_CullTransparentMesh: 1
--- !u!114 &1683456766366220279
MonoBehaviour:
  m_ObjectHideFlags: 0
  m_CorrespondingSourceObject: {fileID: 0}
  m_PrefabInstance: {fileID: 0}
  m_PrefabAsset: {fileID: 0}
  m_GameObject: {fileID: 7079682226789039704}
  m_Enabled: 1
  m_EditorHideFlags: 0
  m_Script: {fileID: 11500000, guid: fe87c0e1cc204ed48ad3b37840f39efc, type: 3}
  m_Name: 
  m_EditorClassIdentifier: 
  m_Material: {fileID: 0}
  m_Color: {r: 0.52156866, g: 0.3764706, b: 0.21176471, a: 1}
  m_RaycastTarget: 1
  m_RaycastPadding: {x: 0, y: 0, z: 0, w: 0}
  m_Maskable: 1
  m_OnCullStateChanged:
    m_PersistentCalls:
      m_Calls: []
  m_Sprite: {fileID: 21300000, guid: ae5d8154561d2664e8f525b7213f0f06, type: 3}
  m_Type: 1
  m_PreserveAspect: 0
  m_FillCenter: 1
  m_FillMethod: 4
  m_FillAmount: 1
  m_FillClockwise: 1
  m_FillOrigin: 0
  m_UseSpriteMesh: 0
  m_PixelsPerUnitMultiplier: 12
--- !u!1 &7194982919896526464
GameObject:
  m_ObjectHideFlags: 0
  m_CorrespondingSourceObject: {fileID: 0}
  m_PrefabInstance: {fileID: 0}
  m_PrefabAsset: {fileID: 0}
  serializedVersion: 6
  m_Component:
  - component: {fileID: 7194982919896526467}
  - component: {fileID: 7194982919896526589}
  - component: {fileID: 7194982919896526466}
  - component: {fileID: 7194982919896526591}
  - component: {fileID: 7194982919896526588}
  - component: {fileID: 7234386136581775957}
  - component: {fileID: 2359352466152119192}
  m_Layer: 5
  m_Name: TowerOptions
  m_TagString: Untagged
  m_Icon: {fileID: 0}
  m_NavMeshLayer: 0
  m_StaticEditorFlags: 0
  m_IsActive: 1
--- !u!224 &7194982919896526467
RectTransform:
  m_ObjectHideFlags: 0
  m_CorrespondingSourceObject: {fileID: 0}
  m_PrefabInstance: {fileID: 0}
  m_PrefabAsset: {fileID: 0}
  m_GameObject: {fileID: 7194982919896526464}
  m_LocalRotation: {x: 0, y: 0, z: 0, w: 1}
  m_LocalPosition: {x: 0, y: 0, z: 0}
  m_LocalScale: {x: 1, y: 1, z: 1}
  m_Children:
  - {fileID: 3369943769858028666}
  - {fileID: 7648339659527998159}
  - {fileID: 1748330710910685452}
  m_Father: {fileID: 0}
  m_RootOrder: 0
  m_LocalEulerAnglesHint: {x: 0, y: 0, z: 0}
  m_AnchorMin: {x: 1, y: 1}
  m_AnchorMax: {x: 1, y: 1}
  m_AnchoredPosition: {x: -480, y: -520}
  m_SizeDelta: {x: 550, y: 980}
  m_Pivot: {x: 0.5, y: 0.5}
--- !u!222 &7194982919896526589
CanvasRenderer:
  m_ObjectHideFlags: 0
  m_CorrespondingSourceObject: {fileID: 0}
  m_PrefabInstance: {fileID: 0}
  m_PrefabAsset: {fileID: 0}
  m_GameObject: {fileID: 7194982919896526464}
  m_CullTransparentMesh: 1
--- !u!114 &7194982919896526466
MonoBehaviour:
  m_ObjectHideFlags: 0
  m_CorrespondingSourceObject: {fileID: 0}
  m_PrefabInstance: {fileID: 0}
  m_PrefabAsset: {fileID: 0}
  m_GameObject: {fileID: 7194982919896526464}
  m_Enabled: 1
  m_EditorHideFlags: 0
  m_Script: {fileID: 11500000, guid: fe87c0e1cc204ed48ad3b37840f39efc, type: 3}
  m_Name: 
  m_EditorClassIdentifier: 
  m_Material: {fileID: 0}
  m_Color: {r: 0.68235296, g: 0.49019608, b: 0.2784314, a: 1}
  m_RaycastTarget: 1
  m_RaycastPadding: {x: 0, y: 0, z: 0, w: 0}
  m_Maskable: 1
  m_OnCullStateChanged:
    m_PersistentCalls:
      m_Calls: []
  m_Sprite: {fileID: 21300000, guid: ae5d8154561d2664e8f525b7213f0f06, type: 3}
  m_Type: 1
  m_PreserveAspect: 0
  m_FillCenter: 1
  m_FillMethod: 4
  m_FillAmount: 1
  m_FillClockwise: 1
  m_FillOrigin: 0
  m_UseSpriteMesh: 0
  m_PixelsPerUnitMultiplier: 12
--- !u!95 &7194982919896526591
Animator:
  serializedVersion: 3
  m_ObjectHideFlags: 0
  m_CorrespondingSourceObject: {fileID: 0}
  m_PrefabInstance: {fileID: 0}
  m_PrefabAsset: {fileID: 0}
  m_GameObject: {fileID: 7194982919896526464}
  m_Enabled: 1
  m_Avatar: {fileID: 0}
  m_Controller: {fileID: 9100000, guid: b350b2a9eca6ff24bad21d8919eb4dd7, type: 2}
  m_CullingMode: 0
  m_UpdateMode: 0
  m_ApplyRootMotion: 0
  m_LinearVelocityBlending: 0
  m_WarningMessage: 
  m_HasTransformHierarchy: 1
  m_AllowConstantClipSamplingOptimization: 1
  m_KeepAnimatorControllerStateOnDisable: 0
--- !u!225 &7194982919896526588
CanvasGroup:
  m_ObjectHideFlags: 0
  m_CorrespondingSourceObject: {fileID: 0}
  m_PrefabInstance: {fileID: 0}
  m_PrefabAsset: {fileID: 0}
  m_GameObject: {fileID: 7194982919896526464}
  m_Enabled: 1
  m_Alpha: 1
  m_Interactable: 1
  m_BlocksRaycasts: 1
  m_IgnoreParentGroups: 0
--- !u!114 &7234386136581775957
MonoBehaviour:
  m_ObjectHideFlags: 0
  m_CorrespondingSourceObject: {fileID: 0}
  m_PrefabInstance: {fileID: 0}
  m_PrefabAsset: {fileID: 0}
  m_GameObject: {fileID: 7194982919896526464}
  m_Enabled: 1
  m_EditorHideFlags: 0
  m_Script: {fileID: 11500000, guid: 25bce32ead4084941a70f571e0b76f6b, type: 3}
  m_Name: 
  m_EditorClassIdentifier: 
  upgradeImages:
  - {fileID: 6510309909040898439}
  - {fileID: 3619223757988035436}
  - {fileID: 5149893966812124795}
  UpgradeCost: 0
--- !u!114 &2359352466152119192
MonoBehaviour:
  m_ObjectHideFlags: 0
  m_CorrespondingSourceObject: {fileID: 0}
  m_PrefabInstance: {fileID: 0}
  m_PrefabAsset: {fileID: 0}
  m_GameObject: {fileID: 7194982919896526464}
  m_Enabled: 1
  m_EditorHideFlags: 0
  m_Script: {fileID: 11500000, guid: e19747de3f5aca642ab2be37e372fb86, type: 3}
  m_Name: 
  m_EditorClassIdentifier: 
  m_EffectColor: {r: 0, g: 0, b: 0, a: 0.23529412}
  m_EffectDistance: {x: 1, y: 1}
  m_UseGraphicAlpha: 1
--- !u!1 &7213330867143029835
GameObject:
  m_ObjectHideFlags: 0
  m_CorrespondingSourceObject: {fileID: 0}
  m_PrefabInstance: {fileID: 0}
  m_PrefabAsset: {fileID: 0}
  serializedVersion: 6
  m_Component:
  - component: {fileID: 9176398713585739678}
  - component: {fileID: 6573381856622967096}
  - component: {fileID: 2205861206409908878}
  m_Layer: 5
  m_Name: TowerOptionsTitle
  m_TagString: Untagged
  m_Icon: {fileID: 0}
  m_NavMeshLayer: 0
  m_StaticEditorFlags: 0
  m_IsActive: 1
--- !u!224 &9176398713585739678
RectTransform:
  m_ObjectHideFlags: 0
  m_CorrespondingSourceObject: {fileID: 0}
  m_PrefabInstance: {fileID: 0}
  m_PrefabAsset: {fileID: 0}
  m_GameObject: {fileID: 7213330867143029835}
  m_LocalRotation: {x: -0, y: -0, z: -0, w: 1}
  m_LocalPosition: {x: 0, y: 0, z: 0}
  m_LocalScale: {x: 1, y: 1, z: 1}
  m_Children: []
  m_Father: {fileID: 3369943769858028666}
  m_RootOrder: 0
  m_LocalEulerAnglesHint: {x: 0, y: 0, z: 0}
  m_AnchorMin: {x: 0, y: 0}
  m_AnchorMax: {x: 1, y: 1}
  m_AnchoredPosition: {x: 0, y: 0}
  m_SizeDelta: {x: 0, y: 0}
  m_Pivot: {x: 0.5, y: 0.5}
--- !u!222 &6573381856622967096
CanvasRenderer:
  m_ObjectHideFlags: 0
  m_CorrespondingSourceObject: {fileID: 0}
  m_PrefabInstance: {fileID: 0}
  m_PrefabAsset: {fileID: 0}
  m_GameObject: {fileID: 7213330867143029835}
  m_CullTransparentMesh: 1
--- !u!114 &2205861206409908878
MonoBehaviour:
  m_ObjectHideFlags: 0
  m_CorrespondingSourceObject: {fileID: 0}
  m_PrefabInstance: {fileID: 0}
  m_PrefabAsset: {fileID: 0}
  m_GameObject: {fileID: 7213330867143029835}
  m_Enabled: 1
  m_EditorHideFlags: 0
  m_Script: {fileID: 11500000, guid: 5f7201a12d95ffc409449d95f23cf332, type: 3}
  m_Name: 
  m_EditorClassIdentifier: 
  m_Material: {fileID: 0}
  m_Color: {r: 1, g: 1, b: 1, a: 1}
  m_RaycastTarget: 1
  m_RaycastPadding: {x: 0, y: 0, z: 0, w: 0}
  m_Maskable: 1
  m_OnCullStateChanged:
    m_PersistentCalls:
      m_Calls: []
  m_FontData:
    m_Font: {fileID: 10102, guid: 0000000000000000e000000000000000, type: 0}
    m_FontSize: 35
    m_FontStyle: 0
    m_BestFit: 0
    m_MinSize: 3
    m_MaxSize: 50
    m_Alignment: 4
    m_AlignByGeometry: 0
    m_RichText: 1
    m_HorizontalOverflow: 0
    m_VerticalOverflow: 0
    m_LineSpacing: 1
  m_Text: Name Tower
--- !u!1001 &1396112772871253639
PrefabInstance:
  m_ObjectHideFlags: 0
  serializedVersion: 2
  m_Modification:
    m_TransformParent: {fileID: 7648339659527998159}
    m_Modifications:
    - target: {fileID: 57171681722341872, guid: affa86dbc66939b46a49d2ab7d22c7bb, type: 3}
      propertyPath: m_fontAsset
      value: 
      objectReference: {fileID: 11400000, guid: c1d37eeeb2858994fba6a576ecaccf89, type: 2}
    - target: {fileID: 57171681722341872, guid: affa86dbc66939b46a49d2ab7d22c7bb, type: 3}
      propertyPath: m_sharedMaterial
      value: 
      objectReference: {fileID: 2180264, guid: c1d37eeeb2858994fba6a576ecaccf89, type: 2}
    - target: {fileID: 1156229729739828577, guid: affa86dbc66939b46a49d2ab7d22c7bb, type: 3}
      propertyPath: m_AnchorMax.y
      value: 1
      objectReference: {fileID: 0}
    - target: {fileID: 1156229729739828577, guid: affa86dbc66939b46a49d2ab7d22c7bb, type: 3}
      propertyPath: m_AnchorMin.y
      value: 1
      objectReference: {fileID: 0}
    - target: {fileID: 1156229729739828577, guid: affa86dbc66939b46a49d2ab7d22c7bb, type: 3}
      propertyPath: m_SizeDelta.x
      value: 40
      objectReference: {fileID: 0}
    - target: {fileID: 1156229729739828577, guid: affa86dbc66939b46a49d2ab7d22c7bb, type: 3}
      propertyPath: m_SizeDelta.y
      value: 46.5
      objectReference: {fileID: 0}
    - target: {fileID: 1156229729739828577, guid: affa86dbc66939b46a49d2ab7d22c7bb, type: 3}
      propertyPath: m_AnchoredPosition.x
      value: 30
      objectReference: {fileID: 0}
    - target: {fileID: 1156229729739828577, guid: affa86dbc66939b46a49d2ab7d22c7bb, type: 3}
      propertyPath: m_AnchoredPosition.y
      value: -33.25
      objectReference: {fileID: 0}
    - target: {fileID: 2194815327911780616, guid: affa86dbc66939b46a49d2ab7d22c7bb, type: 3}
      propertyPath: m_AnchorMax.y
      value: 1
      objectReference: {fileID: 0}
    - target: {fileID: 2194815327911780616, guid: affa86dbc66939b46a49d2ab7d22c7bb, type: 3}
      propertyPath: m_AnchorMin.y
      value: 1
      objectReference: {fileID: 0}
    - target: {fileID: 2194815327911780616, guid: affa86dbc66939b46a49d2ab7d22c7bb, type: 3}
      propertyPath: m_SizeDelta.x
      value: 40
      objectReference: {fileID: 0}
    - target: {fileID: 2194815327911780616, guid: affa86dbc66939b46a49d2ab7d22c7bb, type: 3}
      propertyPath: m_SizeDelta.y
      value: 46.5
      objectReference: {fileID: 0}
    - target: {fileID: 2194815327911780616, guid: affa86dbc66939b46a49d2ab7d22c7bb, type: 3}
      propertyPath: m_AnchoredPosition.x
      value: 30
      objectReference: {fileID: 0}
    - target: {fileID: 2194815327911780616, guid: affa86dbc66939b46a49d2ab7d22c7bb, type: 3}
      propertyPath: m_AnchoredPosition.y
      value: -89.75
      objectReference: {fileID: 0}
    - target: {fileID: 2406591253709297131, guid: affa86dbc66939b46a49d2ab7d22c7bb, type: 3}
      propertyPath: m_Name
      value: UpgradeImage (1)
      objectReference: {fileID: 0}
    - target: {fileID: 4419233052987062758, guid: affa86dbc66939b46a49d2ab7d22c7bb, type: 3}
      propertyPath: m_AnchorMax.y
      value: 1
      objectReference: {fileID: 0}
    - target: {fileID: 4419233052987062758, guid: affa86dbc66939b46a49d2ab7d22c7bb, type: 3}
      propertyPath: m_AnchorMin.y
      value: 1
      objectReference: {fileID: 0}
    - target: {fileID: 4419233052987062758, guid: affa86dbc66939b46a49d2ab7d22c7bb, type: 3}
      propertyPath: m_SizeDelta.x
      value: 40
      objectReference: {fileID: 0}
    - target: {fileID: 4419233052987062758, guid: affa86dbc66939b46a49d2ab7d22c7bb, type: 3}
      propertyPath: m_SizeDelta.y
      value: 46.5
      objectReference: {fileID: 0}
    - target: {fileID: 4419233052987062758, guid: affa86dbc66939b46a49d2ab7d22c7bb, type: 3}
      propertyPath: m_AnchoredPosition.x
      value: 30
      objectReference: {fileID: 0}
    - target: {fileID: 4419233052987062758, guid: affa86dbc66939b46a49d2ab7d22c7bb, type: 3}
      propertyPath: m_AnchoredPosition.y
      value: -146.25
      objectReference: {fileID: 0}
    - target: {fileID: 5460879951410402921, guid: affa86dbc66939b46a49d2ab7d22c7bb, type: 3}
      propertyPath: m_fontSize
      value: 36
      objectReference: {fileID: 0}
    - target: {fileID: 5460879951410402921, guid: affa86dbc66939b46a49d2ab7d22c7bb, type: 3}
      propertyPath: m_fontAsset
      value: 
      objectReference: {fileID: 11400000, guid: c1d37eeeb2858994fba6a576ecaccf89, type: 2}
    - target: {fileID: 5460879951410402921, guid: affa86dbc66939b46a49d2ab7d22c7bb, type: 3}
      propertyPath: m_sharedMaterial
      value: 
      objectReference: {fileID: 2180264, guid: c1d37eeeb2858994fba6a576ecaccf89, type: 2}
    - target: {fileID: 5488959913270138511, guid: affa86dbc66939b46a49d2ab7d22c7bb, type: 3}
      propertyPath: m_Pivot.x
      value: 0.5
      objectReference: {fileID: 0}
    - target: {fileID: 5488959913270138511, guid: affa86dbc66939b46a49d2ab7d22c7bb, type: 3}
      propertyPath: m_Pivot.y
      value: 0.5
      objectReference: {fileID: 0}
    - target: {fileID: 5488959913270138511, guid: affa86dbc66939b46a49d2ab7d22c7bb, type: 3}
      propertyPath: m_RootOrder
      value: 1
      objectReference: {fileID: 0}
    - target: {fileID: 5488959913270138511, guid: affa86dbc66939b46a49d2ab7d22c7bb, type: 3}
      propertyPath: m_AnchorMax.x
      value: 0
      objectReference: {fileID: 0}
    - target: {fileID: 5488959913270138511, guid: affa86dbc66939b46a49d2ab7d22c7bb, type: 3}
      propertyPath: m_AnchorMax.y
      value: 0
      objectReference: {fileID: 0}
    - target: {fileID: 5488959913270138511, guid: affa86dbc66939b46a49d2ab7d22c7bb, type: 3}
      propertyPath: m_AnchorMin.x
      value: 0
      objectReference: {fileID: 0}
    - target: {fileID: 5488959913270138511, guid: affa86dbc66939b46a49d2ab7d22c7bb, type: 3}
      propertyPath: m_AnchorMin.y
      value: 0
      objectReference: {fileID: 0}
    - target: {fileID: 5488959913270138511, guid: affa86dbc66939b46a49d2ab7d22c7bb, type: 3}
      propertyPath: m_SizeDelta.x
      value: 0
      objectReference: {fileID: 0}
    - target: {fileID: 5488959913270138511, guid: affa86dbc66939b46a49d2ab7d22c7bb, type: 3}
      propertyPath: m_SizeDelta.y
      value: 0
      objectReference: {fileID: 0}
    - target: {fileID: 5488959913270138511, guid: affa86dbc66939b46a49d2ab7d22c7bb, type: 3}
      propertyPath: m_LocalPosition.x
      value: 0
      objectReference: {fileID: 0}
    - target: {fileID: 5488959913270138511, guid: affa86dbc66939b46a49d2ab7d22c7bb, type: 3}
      propertyPath: m_LocalPosition.y
      value: 0
      objectReference: {fileID: 0}
    - target: {fileID: 5488959913270138511, guid: affa86dbc66939b46a49d2ab7d22c7bb, type: 3}
      propertyPath: m_LocalPosition.z
      value: 0
      objectReference: {fileID: 0}
    - target: {fileID: 5488959913270138511, guid: affa86dbc66939b46a49d2ab7d22c7bb, type: 3}
      propertyPath: m_LocalRotation.w
      value: 1
      objectReference: {fileID: 0}
    - target: {fileID: 5488959913270138511, guid: affa86dbc66939b46a49d2ab7d22c7bb, type: 3}
      propertyPath: m_LocalRotation.x
      value: 0
      objectReference: {fileID: 0}
    - target: {fileID: 5488959913270138511, guid: affa86dbc66939b46a49d2ab7d22c7bb, type: 3}
      propertyPath: m_LocalRotation.y
      value: 0
      objectReference: {fileID: 0}
    - target: {fileID: 5488959913270138511, guid: affa86dbc66939b46a49d2ab7d22c7bb, type: 3}
      propertyPath: m_LocalRotation.z
      value: 0
      objectReference: {fileID: 0}
    - target: {fileID: 5488959913270138511, guid: affa86dbc66939b46a49d2ab7d22c7bb, type: 3}
      propertyPath: m_AnchoredPosition.x
      value: 0
      objectReference: {fileID: 0}
    - target: {fileID: 5488959913270138511, guid: affa86dbc66939b46a49d2ab7d22c7bb, type: 3}
      propertyPath: m_AnchoredPosition.y
      value: 0
      objectReference: {fileID: 0}
    - target: {fileID: 5488959913270138511, guid: affa86dbc66939b46a49d2ab7d22c7bb, type: 3}
      propertyPath: m_LocalEulerAnglesHint.x
      value: 0
      objectReference: {fileID: 0}
    - target: {fileID: 5488959913270138511, guid: affa86dbc66939b46a49d2ab7d22c7bb, type: 3}
      propertyPath: m_LocalEulerAnglesHint.y
      value: 0
      objectReference: {fileID: 0}
    - target: {fileID: 5488959913270138511, guid: affa86dbc66939b46a49d2ab7d22c7bb, type: 3}
      propertyPath: m_LocalEulerAnglesHint.z
      value: 0
      objectReference: {fileID: 0}
    - target: {fileID: 6604787699722400769, guid: affa86dbc66939b46a49d2ab7d22c7bb, type: 3}
      propertyPath: m_fontAsset
      value: 
      objectReference: {fileID: 11400000, guid: c1d37eeeb2858994fba6a576ecaccf89, type: 2}
    - target: {fileID: 6604787699722400769, guid: affa86dbc66939b46a49d2ab7d22c7bb, type: 3}
      propertyPath: m_sharedMaterial
      value: 
      objectReference: {fileID: 2180264, guid: c1d37eeeb2858994fba6a576ecaccf89, type: 2}
    m_RemovedComponents: []
  m_SourcePrefab: {fileID: 100100000, guid: affa86dbc66939b46a49d2ab7d22c7bb, type: 3}
--- !u!224 &6877927771812870152 stripped
RectTransform:
  m_CorrespondingSourceObject: {fileID: 5488959913270138511, guid: affa86dbc66939b46a49d2ab7d22c7bb, type: 3}
  m_PrefabInstance: {fileID: 1396112772871253639}
  m_PrefabAsset: {fileID: 0}
--- !u!1 &3619223757988035436 stripped
GameObject:
  m_CorrespondingSourceObject: {fileID: 2406591253709297131, guid: affa86dbc66939b46a49d2ab7d22c7bb, type: 3}
  m_PrefabInstance: {fileID: 1396112772871253639}
  m_PrefabAsset: {fileID: 0}
--- !u!1001 &7358306444118328208
PrefabInstance:
  m_ObjectHideFlags: 0
  serializedVersion: 2
  m_Modification:
    m_TransformParent: {fileID: 7648339659527998159}
    m_Modifications:
    - target: {fileID: 57171681722341872, guid: affa86dbc66939b46a49d2ab7d22c7bb, type: 3}
      propertyPath: m_fontAsset
      value: 
      objectReference: {fileID: 11400000, guid: c1d37eeeb2858994fba6a576ecaccf89, type: 2}
    - target: {fileID: 57171681722341872, guid: affa86dbc66939b46a49d2ab7d22c7bb, type: 3}
      propertyPath: m_sharedMaterial
      value: 
      objectReference: {fileID: 2180264, guid: c1d37eeeb2858994fba6a576ecaccf89, type: 2}
    - target: {fileID: 1156229729739828577, guid: affa86dbc66939b46a49d2ab7d22c7bb, type: 3}
      propertyPath: m_AnchorMax.y
      value: 1
      objectReference: {fileID: 0}
    - target: {fileID: 1156229729739828577, guid: affa86dbc66939b46a49d2ab7d22c7bb, type: 3}
      propertyPath: m_AnchorMin.y
      value: 1
      objectReference: {fileID: 0}
    - target: {fileID: 1156229729739828577, guid: affa86dbc66939b46a49d2ab7d22c7bb, type: 3}
      propertyPath: m_SizeDelta.x
      value: 40
      objectReference: {fileID: 0}
    - target: {fileID: 1156229729739828577, guid: affa86dbc66939b46a49d2ab7d22c7bb, type: 3}
      propertyPath: m_SizeDelta.y
      value: 46.5
      objectReference: {fileID: 0}
    - target: {fileID: 1156229729739828577, guid: affa86dbc66939b46a49d2ab7d22c7bb, type: 3}
      propertyPath: m_AnchoredPosition.x
      value: 30
      objectReference: {fileID: 0}
    - target: {fileID: 1156229729739828577, guid: affa86dbc66939b46a49d2ab7d22c7bb, type: 3}
      propertyPath: m_AnchoredPosition.y
      value: -33.25
      objectReference: {fileID: 0}
    - target: {fileID: 2194815327911780616, guid: affa86dbc66939b46a49d2ab7d22c7bb, type: 3}
      propertyPath: m_AnchorMax.y
      value: 1
      objectReference: {fileID: 0}
    - target: {fileID: 2194815327911780616, guid: affa86dbc66939b46a49d2ab7d22c7bb, type: 3}
      propertyPath: m_AnchorMin.y
      value: 1
      objectReference: {fileID: 0}
    - target: {fileID: 2194815327911780616, guid: affa86dbc66939b46a49d2ab7d22c7bb, type: 3}
      propertyPath: m_SizeDelta.x
      value: 40
      objectReference: {fileID: 0}
    - target: {fileID: 2194815327911780616, guid: affa86dbc66939b46a49d2ab7d22c7bb, type: 3}
      propertyPath: m_SizeDelta.y
      value: 46.5
      objectReference: {fileID: 0}
    - target: {fileID: 2194815327911780616, guid: affa86dbc66939b46a49d2ab7d22c7bb, type: 3}
      propertyPath: m_AnchoredPosition.x
      value: 30
      objectReference: {fileID: 0}
    - target: {fileID: 2194815327911780616, guid: affa86dbc66939b46a49d2ab7d22c7bb, type: 3}
      propertyPath: m_AnchoredPosition.y
      value: -89.75
      objectReference: {fileID: 0}
    - target: {fileID: 2406591253709297131, guid: affa86dbc66939b46a49d2ab7d22c7bb, type: 3}
      propertyPath: m_Name
      value: UpgradeImage (2)
      objectReference: {fileID: 0}
    - target: {fileID: 4419233052987062758, guid: affa86dbc66939b46a49d2ab7d22c7bb, type: 3}
      propertyPath: m_AnchorMax.y
      value: 1
      objectReference: {fileID: 0}
    - target: {fileID: 4419233052987062758, guid: affa86dbc66939b46a49d2ab7d22c7bb, type: 3}
      propertyPath: m_AnchorMin.y
      value: 1
      objectReference: {fileID: 0}
    - target: {fileID: 4419233052987062758, guid: affa86dbc66939b46a49d2ab7d22c7bb, type: 3}
      propertyPath: m_SizeDelta.x
      value: 40
      objectReference: {fileID: 0}
    - target: {fileID: 4419233052987062758, guid: affa86dbc66939b46a49d2ab7d22c7bb, type: 3}
      propertyPath: m_SizeDelta.y
      value: 46.5
      objectReference: {fileID: 0}
    - target: {fileID: 4419233052987062758, guid: affa86dbc66939b46a49d2ab7d22c7bb, type: 3}
      propertyPath: m_AnchoredPosition.x
      value: 30
      objectReference: {fileID: 0}
    - target: {fileID: 4419233052987062758, guid: affa86dbc66939b46a49d2ab7d22c7bb, type: 3}
      propertyPath: m_AnchoredPosition.y
      value: -146.25
      objectReference: {fileID: 0}
    - target: {fileID: 5460879951410402921, guid: affa86dbc66939b46a49d2ab7d22c7bb, type: 3}
      propertyPath: m_fontSize
      value: 36
      objectReference: {fileID: 0}
    - target: {fileID: 5460879951410402921, guid: affa86dbc66939b46a49d2ab7d22c7bb, type: 3}
      propertyPath: m_fontAsset
      value: 
      objectReference: {fileID: 11400000, guid: c1d37eeeb2858994fba6a576ecaccf89, type: 2}
    - target: {fileID: 5460879951410402921, guid: affa86dbc66939b46a49d2ab7d22c7bb, type: 3}
      propertyPath: m_sharedMaterial
      value: 
      objectReference: {fileID: 2180264, guid: c1d37eeeb2858994fba6a576ecaccf89, type: 2}
    - target: {fileID: 5488959913270138511, guid: affa86dbc66939b46a49d2ab7d22c7bb, type: 3}
      propertyPath: m_Pivot.x
      value: 0.5
      objectReference: {fileID: 0}
    - target: {fileID: 5488959913270138511, guid: affa86dbc66939b46a49d2ab7d22c7bb, type: 3}
      propertyPath: m_Pivot.y
      value: 0.5
      objectReference: {fileID: 0}
    - target: {fileID: 5488959913270138511, guid: affa86dbc66939b46a49d2ab7d22c7bb, type: 3}
      propertyPath: m_RootOrder
      value: 2
      objectReference: {fileID: 0}
    - target: {fileID: 5488959913270138511, guid: affa86dbc66939b46a49d2ab7d22c7bb, type: 3}
      propertyPath: m_AnchorMax.x
      value: 0
      objectReference: {fileID: 0}
    - target: {fileID: 5488959913270138511, guid: affa86dbc66939b46a49d2ab7d22c7bb, type: 3}
      propertyPath: m_AnchorMax.y
      value: 0
      objectReference: {fileID: 0}
    - target: {fileID: 5488959913270138511, guid: affa86dbc66939b46a49d2ab7d22c7bb, type: 3}
      propertyPath: m_AnchorMin.x
      value: 0
      objectReference: {fileID: 0}
    - target: {fileID: 5488959913270138511, guid: affa86dbc66939b46a49d2ab7d22c7bb, type: 3}
      propertyPath: m_AnchorMin.y
      value: 0
      objectReference: {fileID: 0}
    - target: {fileID: 5488959913270138511, guid: affa86dbc66939b46a49d2ab7d22c7bb, type: 3}
      propertyPath: m_SizeDelta.x
      value: 0
      objectReference: {fileID: 0}
    - target: {fileID: 5488959913270138511, guid: affa86dbc66939b46a49d2ab7d22c7bb, type: 3}
      propertyPath: m_SizeDelta.y
      value: 0
      objectReference: {fileID: 0}
    - target: {fileID: 5488959913270138511, guid: affa86dbc66939b46a49d2ab7d22c7bb, type: 3}
      propertyPath: m_LocalPosition.x
      value: 0
      objectReference: {fileID: 0}
    - target: {fileID: 5488959913270138511, guid: affa86dbc66939b46a49d2ab7d22c7bb, type: 3}
      propertyPath: m_LocalPosition.y
      value: 0
      objectReference: {fileID: 0}
    - target: {fileID: 5488959913270138511, guid: affa86dbc66939b46a49d2ab7d22c7bb, type: 3}
      propertyPath: m_LocalPosition.z
      value: 0
      objectReference: {fileID: 0}
    - target: {fileID: 5488959913270138511, guid: affa86dbc66939b46a49d2ab7d22c7bb, type: 3}
      propertyPath: m_LocalRotation.w
      value: 1
      objectReference: {fileID: 0}
    - target: {fileID: 5488959913270138511, guid: affa86dbc66939b46a49d2ab7d22c7bb, type: 3}
      propertyPath: m_LocalRotation.x
      value: 0
      objectReference: {fileID: 0}
    - target: {fileID: 5488959913270138511, guid: affa86dbc66939b46a49d2ab7d22c7bb, type: 3}
      propertyPath: m_LocalRotation.y
      value: 0
      objectReference: {fileID: 0}
    - target: {fileID: 5488959913270138511, guid: affa86dbc66939b46a49d2ab7d22c7bb, type: 3}
      propertyPath: m_LocalRotation.z
      value: 0
      objectReference: {fileID: 0}
    - target: {fileID: 5488959913270138511, guid: affa86dbc66939b46a49d2ab7d22c7bb, type: 3}
      propertyPath: m_AnchoredPosition.x
      value: 0
      objectReference: {fileID: 0}
    - target: {fileID: 5488959913270138511, guid: affa86dbc66939b46a49d2ab7d22c7bb, type: 3}
      propertyPath: m_AnchoredPosition.y
      value: 0
      objectReference: {fileID: 0}
    - target: {fileID: 5488959913270138511, guid: affa86dbc66939b46a49d2ab7d22c7bb, type: 3}
      propertyPath: m_LocalEulerAnglesHint.x
      value: 0
      objectReference: {fileID: 0}
    - target: {fileID: 5488959913270138511, guid: affa86dbc66939b46a49d2ab7d22c7bb, type: 3}
      propertyPath: m_LocalEulerAnglesHint.y
      value: 0
      objectReference: {fileID: 0}
    - target: {fileID: 5488959913270138511, guid: affa86dbc66939b46a49d2ab7d22c7bb, type: 3}
      propertyPath: m_LocalEulerAnglesHint.z
      value: 0
      objectReference: {fileID: 0}
    - target: {fileID: 6604787699722400769, guid: affa86dbc66939b46a49d2ab7d22c7bb, type: 3}
      propertyPath: m_fontAsset
      value: 
      objectReference: {fileID: 11400000, guid: c1d37eeeb2858994fba6a576ecaccf89, type: 2}
    - target: {fileID: 6604787699722400769, guid: affa86dbc66939b46a49d2ab7d22c7bb, type: 3}
      propertyPath: m_sharedMaterial
      value: 
      objectReference: {fileID: 2180264, guid: c1d37eeeb2858994fba6a576ecaccf89, type: 2}
    m_RemovedComponents: []
  m_SourcePrefab: {fileID: 100100000, guid: affa86dbc66939b46a49d2ab7d22c7bb, type: 3}
--- !u!224 &3040289615445972255 stripped
RectTransform:
  m_CorrespondingSourceObject: {fileID: 5488959913270138511, guid: affa86dbc66939b46a49d2ab7d22c7bb, type: 3}
  m_PrefabInstance: {fileID: 7358306444118328208}
  m_PrefabAsset: {fileID: 0}
--- !u!1 &5149893966812124795 stripped
GameObject:
  m_CorrespondingSourceObject: {fileID: 2406591253709297131, guid: affa86dbc66939b46a49d2ab7d22c7bb, type: 3}
  m_PrefabInstance: {fileID: 7358306444118328208}
  m_PrefabAsset: {fileID: 0}
--- !u!1001 &8880159070446761068
PrefabInstance:
  m_ObjectHideFlags: 0
  serializedVersion: 2
  m_Modification:
    m_TransformParent: {fileID: 7648339659527998159}
    m_Modifications:
    - target: {fileID: 57171681722341872, guid: affa86dbc66939b46a49d2ab7d22c7bb, type: 3}
      propertyPath: m_fontAsset
      value: 
      objectReference: {fileID: 11400000, guid: c1d37eeeb2858994fba6a576ecaccf89, type: 2}
    - target: {fileID: 57171681722341872, guid: affa86dbc66939b46a49d2ab7d22c7bb, type: 3}
      propertyPath: m_sharedMaterial
      value: 
      objectReference: {fileID: 2180264, guid: c1d37eeeb2858994fba6a576ecaccf89, type: 2}
    - target: {fileID: 1156229729739828577, guid: affa86dbc66939b46a49d2ab7d22c7bb, type: 3}
      propertyPath: m_AnchorMax.y
      value: 1
      objectReference: {fileID: 0}
    - target: {fileID: 1156229729739828577, guid: affa86dbc66939b46a49d2ab7d22c7bb, type: 3}
      propertyPath: m_AnchorMin.y
      value: 1
      objectReference: {fileID: 0}
    - target: {fileID: 1156229729739828577, guid: affa86dbc66939b46a49d2ab7d22c7bb, type: 3}
      propertyPath: m_SizeDelta.x
      value: 40
      objectReference: {fileID: 0}
    - target: {fileID: 1156229729739828577, guid: affa86dbc66939b46a49d2ab7d22c7bb, type: 3}
      propertyPath: m_SizeDelta.y
      value: 46.5
      objectReference: {fileID: 0}
    - target: {fileID: 1156229729739828577, guid: affa86dbc66939b46a49d2ab7d22c7bb, type: 3}
      propertyPath: m_AnchoredPosition.x
      value: 30
      objectReference: {fileID: 0}
    - target: {fileID: 1156229729739828577, guid: affa86dbc66939b46a49d2ab7d22c7bb, type: 3}
      propertyPath: m_AnchoredPosition.y
      value: -33.25
      objectReference: {fileID: 0}
    - target: {fileID: 2194815327911780616, guid: affa86dbc66939b46a49d2ab7d22c7bb, type: 3}
      propertyPath: m_AnchorMax.y
      value: 1
      objectReference: {fileID: 0}
    - target: {fileID: 2194815327911780616, guid: affa86dbc66939b46a49d2ab7d22c7bb, type: 3}
      propertyPath: m_AnchorMin.y
      value: 1
      objectReference: {fileID: 0}
    - target: {fileID: 2194815327911780616, guid: affa86dbc66939b46a49d2ab7d22c7bb, type: 3}
      propertyPath: m_SizeDelta.x
      value: 40
      objectReference: {fileID: 0}
    - target: {fileID: 2194815327911780616, guid: affa86dbc66939b46a49d2ab7d22c7bb, type: 3}
      propertyPath: m_SizeDelta.y
      value: 46.5
      objectReference: {fileID: 0}
    - target: {fileID: 2194815327911780616, guid: affa86dbc66939b46a49d2ab7d22c7bb, type: 3}
      propertyPath: m_AnchoredPosition.x
      value: 30
      objectReference: {fileID: 0}
    - target: {fileID: 2194815327911780616, guid: affa86dbc66939b46a49d2ab7d22c7bb, type: 3}
      propertyPath: m_AnchoredPosition.y
      value: -89.75
      objectReference: {fileID: 0}
    - target: {fileID: 2406591253709297131, guid: affa86dbc66939b46a49d2ab7d22c7bb, type: 3}
      propertyPath: m_Name
      value: UpgradeImage
      objectReference: {fileID: 0}
    - target: {fileID: 4419233052987062758, guid: affa86dbc66939b46a49d2ab7d22c7bb, type: 3}
      propertyPath: m_AnchorMax.y
      value: 1
      objectReference: {fileID: 0}
    - target: {fileID: 4419233052987062758, guid: affa86dbc66939b46a49d2ab7d22c7bb, type: 3}
      propertyPath: m_AnchorMin.y
      value: 1
      objectReference: {fileID: 0}
    - target: {fileID: 4419233052987062758, guid: affa86dbc66939b46a49d2ab7d22c7bb, type: 3}
      propertyPath: m_SizeDelta.x
      value: 40
      objectReference: {fileID: 0}
    - target: {fileID: 4419233052987062758, guid: affa86dbc66939b46a49d2ab7d22c7bb, type: 3}
      propertyPath: m_SizeDelta.y
      value: 46.5
      objectReference: {fileID: 0}
    - target: {fileID: 4419233052987062758, guid: affa86dbc66939b46a49d2ab7d22c7bb, type: 3}
      propertyPath: m_AnchoredPosition.x
      value: 30
      objectReference: {fileID: 0}
    - target: {fileID: 4419233052987062758, guid: affa86dbc66939b46a49d2ab7d22c7bb, type: 3}
      propertyPath: m_AnchoredPosition.y
      value: -146.25
      objectReference: {fileID: 0}
    - target: {fileID: 5460879951410402921, guid: affa86dbc66939b46a49d2ab7d22c7bb, type: 3}
      propertyPath: m_fontSize
      value: 36
      objectReference: {fileID: 0}
    - target: {fileID: 5460879951410402921, guid: affa86dbc66939b46a49d2ab7d22c7bb, type: 3}
      propertyPath: m_fontAsset
      value: 
      objectReference: {fileID: 11400000, guid: c1d37eeeb2858994fba6a576ecaccf89, type: 2}
    - target: {fileID: 5460879951410402921, guid: affa86dbc66939b46a49d2ab7d22c7bb, type: 3}
      propertyPath: m_sharedMaterial
      value: 
      objectReference: {fileID: 2180264, guid: c1d37eeeb2858994fba6a576ecaccf89, type: 2}
    - target: {fileID: 5488959913270138511, guid: affa86dbc66939b46a49d2ab7d22c7bb, type: 3}
      propertyPath: m_Pivot.x
      value: 0.5
      objectReference: {fileID: 0}
    - target: {fileID: 5488959913270138511, guid: affa86dbc66939b46a49d2ab7d22c7bb, type: 3}
      propertyPath: m_Pivot.y
      value: 0.5
      objectReference: {fileID: 0}
    - target: {fileID: 5488959913270138511, guid: affa86dbc66939b46a49d2ab7d22c7bb, type: 3}
      propertyPath: m_RootOrder
      value: 0
      objectReference: {fileID: 0}
    - target: {fileID: 5488959913270138511, guid: affa86dbc66939b46a49d2ab7d22c7bb, type: 3}
      propertyPath: m_AnchorMax.x
      value: 0
      objectReference: {fileID: 0}
    - target: {fileID: 5488959913270138511, guid: affa86dbc66939b46a49d2ab7d22c7bb, type: 3}
      propertyPath: m_AnchorMax.y
      value: 0
      objectReference: {fileID: 0}
    - target: {fileID: 5488959913270138511, guid: affa86dbc66939b46a49d2ab7d22c7bb, type: 3}
      propertyPath: m_AnchorMin.x
      value: 0
      objectReference: {fileID: 0}
    - target: {fileID: 5488959913270138511, guid: affa86dbc66939b46a49d2ab7d22c7bb, type: 3}
      propertyPath: m_AnchorMin.y
      value: 0
      objectReference: {fileID: 0}
    - target: {fileID: 5488959913270138511, guid: affa86dbc66939b46a49d2ab7d22c7bb, type: 3}
      propertyPath: m_SizeDelta.x
      value: 0
      objectReference: {fileID: 0}
    - target: {fileID: 5488959913270138511, guid: affa86dbc66939b46a49d2ab7d22c7bb, type: 3}
      propertyPath: m_SizeDelta.y
      value: 0
      objectReference: {fileID: 0}
    - target: {fileID: 5488959913270138511, guid: affa86dbc66939b46a49d2ab7d22c7bb, type: 3}
      propertyPath: m_LocalPosition.x
      value: 0
      objectReference: {fileID: 0}
    - target: {fileID: 5488959913270138511, guid: affa86dbc66939b46a49d2ab7d22c7bb, type: 3}
      propertyPath: m_LocalPosition.y
      value: 0
      objectReference: {fileID: 0}
    - target: {fileID: 5488959913270138511, guid: affa86dbc66939b46a49d2ab7d22c7bb, type: 3}
      propertyPath: m_LocalPosition.z
      value: 0
      objectReference: {fileID: 0}
    - target: {fileID: 5488959913270138511, guid: affa86dbc66939b46a49d2ab7d22c7bb, type: 3}
      propertyPath: m_LocalRotation.w
      value: 1
      objectReference: {fileID: 0}
    - target: {fileID: 5488959913270138511, guid: affa86dbc66939b46a49d2ab7d22c7bb, type: 3}
      propertyPath: m_LocalRotation.x
      value: 0
      objectReference: {fileID: 0}
    - target: {fileID: 5488959913270138511, guid: affa86dbc66939b46a49d2ab7d22c7bb, type: 3}
      propertyPath: m_LocalRotation.y
      value: 0
      objectReference: {fileID: 0}
    - target: {fileID: 5488959913270138511, guid: affa86dbc66939b46a49d2ab7d22c7bb, type: 3}
      propertyPath: m_LocalRotation.z
      value: 0
      objectReference: {fileID: 0}
    - target: {fileID: 5488959913270138511, guid: affa86dbc66939b46a49d2ab7d22c7bb, type: 3}
      propertyPath: m_AnchoredPosition.x
      value: 0
      objectReference: {fileID: 0}
    - target: {fileID: 5488959913270138511, guid: affa86dbc66939b46a49d2ab7d22c7bb, type: 3}
      propertyPath: m_AnchoredPosition.y
      value: 0
      objectReference: {fileID: 0}
    - target: {fileID: 5488959913270138511, guid: affa86dbc66939b46a49d2ab7d22c7bb, type: 3}
      propertyPath: m_LocalEulerAnglesHint.x
      value: 0
      objectReference: {fileID: 0}
    - target: {fileID: 5488959913270138511, guid: affa86dbc66939b46a49d2ab7d22c7bb, type: 3}
      propertyPath: m_LocalEulerAnglesHint.y
      value: 0
      objectReference: {fileID: 0}
    - target: {fileID: 5488959913270138511, guid: affa86dbc66939b46a49d2ab7d22c7bb, type: 3}
      propertyPath: m_LocalEulerAnglesHint.z
      value: 0
      objectReference: {fileID: 0}
    - target: {fileID: 6604787699722400769, guid: affa86dbc66939b46a49d2ab7d22c7bb, type: 3}
      propertyPath: m_fontAsset
      value: 
      objectReference: {fileID: 11400000, guid: c1d37eeeb2858994fba6a576ecaccf89, type: 2}
    - target: {fileID: 6604787699722400769, guid: affa86dbc66939b46a49d2ab7d22c7bb, type: 3}
      propertyPath: m_sharedMaterial
      value: 
      objectReference: {fileID: 2180264, guid: c1d37eeeb2858994fba6a576ecaccf89, type: 2}
    m_RemovedComponents: []
  m_SourcePrefab: {fileID: 100100000, guid: affa86dbc66939b46a49d2ab7d22c7bb, type: 3}
--- !u!224 &3967700226338349795 stripped
RectTransform:
  m_CorrespondingSourceObject: {fileID: 5488959913270138511, guid: affa86dbc66939b46a49d2ab7d22c7bb, type: 3}
  m_PrefabInstance: {fileID: 8880159070446761068}
  m_PrefabAsset: {fileID: 0}
--- !u!1 &6510309909040898439 stripped
GameObject:
  m_CorrespondingSourceObject: {fileID: 2406591253709297131, guid: affa86dbc66939b46a49d2ab7d22c7bb, type: 3}
  m_PrefabInstance: {fileID: 8880159070446761068}
  m_PrefabAsset: {fileID: 0}
