%YAML 1.1
%TAG !u! tag:unity3d.com,2011:
--- !u!243 &-9181181398835926059
AudioMixerGroupController:
  m_ObjectHideFlags: 0
  m_CorrespondingSourceObject: {fileID: 0}
  m_PrefabInstance: {fileID: 0}
  m_PrefabAsset: {fileID: 0}
  m_Name: ArcherShot
  m_AudioMixer: {fileID: 24100000}
  m_GroupID: bb139fb0b8dab534c9dffd245adeb135
  m_Children: []
  m_Volume: b8b1b88b5af702f4990cade73208a32b
  m_Pitch: 9fd918c636a66034fb6c1c2520617ecd
  m_Send: 00000000000000000000000000000000
  m_Effects:
  - {fileID: 4213164290220683109}
  m_UserColorIndex: 0
  m_Mute: 0
  m_Solo: 0
  m_BypassEffects: 0
--- !u!244 &-9027646541784672454
AudioMixerEffectController:
  m_ObjectHideFlags: 3
  m_CorrespondingSourceObject: {fileID: 0}
  m_PrefabInstance: {fileID: 0}
  m_PrefabAsset: {fileID: 0}
  m_Name: 
  m_EffectID: 51b2111912184f24b80e5f90ae08ae82
  m_EffectName: Attenuation
  m_MixLevel: 6c8e81e16ee5e234296a97418ac603af
  m_Parameters: []
  m_SendTarget: {fileID: 0}
  m_EnableWetMix: 0
  m_Bypass: 0
--- !u!244 &-8720205433672463199
AudioMixerEffectController:
  m_ObjectHideFlags: 3
  m_CorrespondingSourceObject: {fileID: 0}
  m_PrefabInstance: {fileID: 0}
  m_PrefabAsset: {fileID: 0}
  m_Name: 
  m_EffectID: d4f768eec21ae9a4d9afc11e6b989a00
  m_EffectName: Attenuation
  m_MixLevel: 924dd4e633b461948b60f84f5b9afe6b
  m_Parameters: []
  m_SendTarget: {fileID: 0}
  m_EnableWetMix: 0
  m_Bypass: 0
--- !u!244 &-8399455016041587185
AudioMixerEffectController:
  m_ObjectHideFlags: 3
  m_CorrespondingSourceObject: {fileID: 0}
  m_PrefabInstance: {fileID: 0}
  m_PrefabAsset: {fileID: 0}
  m_Name: 
  m_EffectID: bb697c89965a98e43b9f1fad92bd69bc
  m_EffectName: Attenuation
  m_MixLevel: dbe604ac66b0cec4681113e35d89eda5
  m_Parameters: []
  m_SendTarget: {fileID: 0}
  m_EnableWetMix: 0
  m_Bypass: 0
--- !u!244 &-7223767017329066786
AudioMixerEffectController:
  m_ObjectHideFlags: 3
  m_CorrespondingSourceObject: {fileID: 0}
  m_PrefabInstance: {fileID: 0}
  m_PrefabAsset: {fileID: 0}
  m_Name: 
  m_EffectID: 3c92c4b4798c9de48b8900008f881100
  m_EffectName: Attenuation
  m_MixLevel: c720732c39986ea459eb1a21284f290e
  m_Parameters: []
  m_SendTarget: {fileID: 0}
  m_EnableWetMix: 0
  m_Bypass: 0
--- !u!243 &-6898567076882617984
AudioMixerGroupController:
  m_ObjectHideFlags: 0
  m_CorrespondingSourceObject: {fileID: 0}
  m_PrefabInstance: {fileID: 0}
  m_PrefabAsset: {fileID: 0}
  m_Name: Music
  m_AudioMixer: {fileID: 24100000}
  m_GroupID: 3350a36f3f25b4a4e936f788159e0628
  m_Children:
  - {fileID: -3120599062081718246}
  - {fileID: -74393344082142217}
  m_Volume: 7ea3acee572681c4a8c3b6ba37650d10
  m_Pitch: a03cffb0481572a4db10da03372bb97c
  m_Send: 00000000000000000000000000000000
  m_Effects:
  - {fileID: -8399455016041587185}
  m_UserColorIndex: 0
  m_Mute: 0
  m_Solo: 0
  m_BypassEffects: 0
--- !u!243 &-5881305364584468466
AudioMixerGroupController:
  m_ObjectHideFlags: 0
  m_CorrespondingSourceObject: {fileID: 0}
  m_PrefabInstance: {fileID: 0}
  m_PrefabAsset: {fileID: 0}
  m_Name: FireShot
  m_AudioMixer: {fileID: 24100000}
  m_GroupID: d4d85cc773fecb74aa452da802234350
  m_Children: []
  m_Volume: d2e8686d3604d7b428c633d0ae27f38a
  m_Pitch: da6ae1f0675b8b84abde8984ba42b0f0
  m_Send: 00000000000000000000000000000000
  m_Effects:
  - {fileID: 6458358937495752916}
  m_UserColorIndex: 0
  m_Mute: 0
  m_Solo: 0
  m_BypassEffects: 0
--- !u!244 &-5353616385268688659
AudioMixerEffectController:
  m_ObjectHideFlags: 3
  m_CorrespondingSourceObject: {fileID: 0}
  m_PrefabInstance: {fileID: 0}
  m_PrefabAsset: {fileID: 0}
  m_Name: 
  m_EffectID: 45fa2bf1c9346c345b9ebd3638433a42
  m_EffectName: Attenuation
  m_MixLevel: 33672197aa54ec04a9c432606161d09d
  m_Parameters: []
  m_SendTarget: {fileID: 0}
  m_EnableWetMix: 0
  m_Bypass: 0
--- !u!243 &-4801017331922649102
AudioMixerGroupController:
  m_ObjectHideFlags: 0
  m_CorrespondingSourceObject: {fileID: 0}
  m_PrefabInstance: {fileID: 0}
  m_PrefabAsset: {fileID: 0}
  m_Name: ArcherTower
  m_AudioMixer: {fileID: 24100000}
  m_GroupID: 8c27ba3ddaf7dff4fad9f147f17e06c4
  m_Children:
  - {fileID: 3502691142614767253}
  - {fileID: -9181181398835926059}
  m_Volume: 94587a7a83700bc4ea9ce49c94d99786
  m_Pitch: ad624794822fd9b4396f39e5491af79b
  m_Send: 00000000000000000000000000000000
  m_Effects:
  - {fileID: 6489861125760570925}
  m_UserColorIndex: 0
  m_Mute: 0
  m_Solo: 0
  m_BypassEffects: 0
--- !u!243 &-3845669691218177337
AudioMixerGroupController:
  m_ObjectHideFlags: 0
  m_CorrespondingSourceObject: {fileID: 0}
  m_PrefabInstance: {fileID: 0}
  m_PrefabAsset: {fileID: 0}
  m_Name: Sfx
  m_AudioMixer: {fileID: 24100000}
  m_GroupID: 0ed6f64277f623942ac31082ea5ae7d3
  m_Children:
  - {fileID: -268567671223592248}
  - {fileID: 4116620650231402388}
  - {fileID: -4801017331922649102}
  - {fileID: 6345364086639948336}
  - {fileID: 5305657662593668593}
  m_Volume: bea2651a31d1c1241a17f6f074ce7b80
  m_Pitch: 4d79a93024c451647bcb7687e2e03c96
  m_Send: 00000000000000000000000000000000
  m_Effects:
  - {fileID: -465235208385489976}
  m_UserColorIndex: 0
  m_Mute: 0
  m_Solo: 0
  m_BypassEffects: 0
--- !u!244 &-3629044445019413181
AudioMixerEffectController:
  m_ObjectHideFlags: 3
  m_CorrespondingSourceObject: {fileID: 0}
  m_PrefabInstance: {fileID: 0}
  m_PrefabAsset: {fileID: 0}
  m_Name: 
  m_EffectID: 8c5472101270da646b81be8628aeb834
  m_EffectName: Attenuation
  m_MixLevel: a3e90fb203dd6b4419363fdd5df19420
  m_Parameters: []
  m_SendTarget: {fileID: 0}
  m_EnableWetMix: 0
  m_Bypass: 0
--- !u!245 &-3479231205744971538
AudioMixerSnapshotController:
  m_ObjectHideFlags: 0
  m_CorrespondingSourceObject: {fileID: 0}
  m_PrefabInstance: {fileID: 0}
  m_PrefabAsset: {fileID: 0}
  m_Name: MainMenu
  m_AudioMixer: {fileID: 24100000}
  m_SnapshotID: 6d88ed71d31815745b217ba66dabe09f
  m_FloatValues:
    a03cffb0481572a4db10da03372bb97c: 1
    b36a64a1e2543ad4593fbdbcde905c05: 2.850226
    8fc62bc21ce3d0b4fbe5bb32b14c08ad: -0.16685188
    7f005a33b27a72a4f8bb5ca9bff6af17: -2.0180378
    0dc73504c3ec23f4fb58ba628c3e6762: -0.1668526
    c752f26404c147e438660f48dfd0fd19: -4.560346
    dc70fb25d6cee9c4495772d306e5996c: -0.8840523
    61bb4918d45ddf64f909d66c055b65db: -4.560346
    2893290a4b066f94386bc0bb422dc724: -80
    94587a7a83700bc4ea9ce49c94d99786: -3.5090396
    b8b1b88b5af702f4990cade73208a32b: -4.1973577
    d2e8686d3604d7b428c633d0ae27f38a: 4.648096
    e24137dff37cae34d8ec3567bd25b63e: -2.2889833
  m_TransitionOverrides: {}
--- !u!243 &-3120599062081718246
AudioMixerGroupController:
  m_ObjectHideFlags: 0
  m_CorrespondingSourceObject: {fileID: 0}
  m_PrefabInstance: {fileID: 0}
  m_PrefabAsset: {fileID: 0}
  m_Name: GameTheme
  m_AudioMixer: {fileID: 24100000}
  m_GroupID: 89a868d0b8d0ec04887a4c686fc983a6
  m_Children: []
  m_Volume: 2893290a4b066f94386bc0bb422dc724
  m_Pitch: 39e1ed5737027054e9a6ade5a8298c78
  m_Send: 00000000000000000000000000000000
  m_Effects:
  - {fileID: 4627915180031295762}
  m_UserColorIndex: 0
  m_Mute: 0
  m_Solo: 0
  m_BypassEffects: 0
--- !u!244 &-465235208385489976
AudioMixerEffectController:
  m_ObjectHideFlags: 3
  m_CorrespondingSourceObject: {fileID: 0}
  m_PrefabInstance: {fileID: 0}
  m_PrefabAsset: {fileID: 0}
  m_Name: 
  m_EffectID: b86a1093458b67643bf80582d40d6747
  m_EffectName: Attenuation
  m_MixLevel: a2e93cb73fead294ba8e534e8d3a2ac6
  m_Parameters: []
  m_SendTarget: {fileID: 0}
  m_EnableWetMix: 0
  m_Bypass: 0
--- !u!243 &-268567671223592248
AudioMixerGroupController:
  m_ObjectHideFlags: 0
  m_CorrespondingSourceObject: {fileID: 0}
  m_PrefabInstance: {fileID: 0}
  m_PrefabAsset: {fileID: 0}
  m_Name: CannonTower
  m_AudioMixer: {fileID: 24100000}
  m_GroupID: 53b58a6b07a32bc419a0f131393f1b83
  m_Children:
  - {fileID: 5251266740477346581}
  - {fileID: 7588527259839744440}
  m_Volume: c931b8f73b02fdf4ebf5dc6e97439f0a
  m_Pitch: 6acf586a6813f5c42b362b25de57e766
  m_Send: 00000000000000000000000000000000
  m_Effects:
  - {fileID: -9027646541784672454}
  m_UserColorIndex: 0
  m_Mute: 0
  m_Solo: 0
  m_BypassEffects: 0
--- !u!244 &-136245827878792875
AudioMixerEffectController:
  m_ObjectHideFlags: 3
  m_CorrespondingSourceObject: {fileID: 0}
  m_PrefabInstance: {fileID: 0}
  m_PrefabAsset: {fileID: 0}
  m_Name: 
  m_EffectID: 0400c90b1d532d94d82d4ba7dd92586d
  m_EffectName: Attenuation
  m_MixLevel: 7a5c086761f7d9648999d07da10fdc95
  m_Parameters: []
  m_SendTarget: {fileID: 0}
  m_EnableWetMix: 0
  m_Bypass: 0
--- !u!244 &-77911186797050328
AudioMixerEffectController:
  m_ObjectHideFlags: 3
  m_CorrespondingSourceObject: {fileID: 0}
  m_PrefabInstance: {fileID: 0}
  m_PrefabAsset: {fileID: 0}
  m_Name: 
  m_EffectID: 7db00345b3e7c09438181a412efa5ef6
  m_EffectName: Attenuation
  m_MixLevel: dcc4f011e1be1f44a9d5eba99c906aba
  m_Parameters: []
  m_SendTarget: {fileID: 0}
  m_EnableWetMix: 0
  m_Bypass: 0
--- !u!243 &-74393344082142217
AudioMixerGroupController:
  m_ObjectHideFlags: 0
  m_CorrespondingSourceObject: {fileID: 0}
  m_PrefabInstance: {fileID: 0}
  m_PrefabAsset: {fileID: 0}
  m_Name: MainMenuTheme
  m_AudioMixer: {fileID: 24100000}
  m_GroupID: e3e98185e5c3a8245a3bf3591c4d6b9a
  m_Children: []
  m_Volume: 0dc73504c3ec23f4fb58ba628c3e6762
  m_Pitch: 75bd141f96c8d884c816ab87d3dffabd
  m_Send: 00000000000000000000000000000000
  m_Effects:
  - {fileID: -7223767017329066786}
  m_UserColorIndex: 0
  m_Mute: 0
  m_Solo: 0
  m_BypassEffects: 0
--- !u!241 &24100000
AudioMixerController:
  m_ObjectHideFlags: 0
  m_CorrespondingSourceObject: {fileID: 0}
  m_PrefabInstance: {fileID: 0}
  m_PrefabAsset: {fileID: 0}
  m_Name: Mixer
  m_OutputGroup: {fileID: 0}
  m_MasterGroup: {fileID: 24300002}
  m_Snapshots:
  - {fileID: -3479231205744971538}
  - {fileID: 8815892709827435034}
  m_StartSnapshot: {fileID: -3479231205744971538}
  m_SuspendThreshold: -80
  m_EnableSuspend: 1
  m_UpdateMode: 0
  m_ExposedParameters:
  - guid: bea2651a31d1c1241a17f6f074ce7b80
    name: sfxVolume
  - guid: 8fc62bc21ce3d0b4fbe5bb32b14c08ad
    name: masterVolume
  - guid: 7ea3acee572681c4a8c3b6ba37650d10
    name: musicVolume
  m_AudioMixerGroupViews:
  - guids:
    - b8a8e70217414e6458d17d50b31094ec
    - 3350a36f3f25b4a4e936f788159e0628
    - 89a868d0b8d0ec04887a4c686fc983a6
    - 0ed6f64277f623942ac31082ea5ae7d3
    - 43bf0ae9f01d2474b812f29b75cb5779
    - e3e98185e5c3a8245a3bf3591c4d6b9a
    name: View
  m_CurrentViewIndex: 0
  m_TargetSnapshot: {fileID: -3479231205744971538}
--- !u!243 &24300002
AudioMixerGroupController:
  m_ObjectHideFlags: 0
  m_CorrespondingSourceObject: {fileID: 0}
  m_PrefabInstance: {fileID: 0}
  m_PrefabAsset: {fileID: 0}
  m_Name: Master
  m_AudioMixer: {fileID: 24100000}
  m_GroupID: b8a8e70217414e6458d17d50b31094ec
  m_Children:
  - {fileID: -6898567076882617984}
  - {fileID: -3845669691218177337}
  m_Volume: 8fc62bc21ce3d0b4fbe5bb32b14c08ad
  m_Pitch: 64536f2d655bdba418bb61b87fa7a110
  m_Send: 00000000000000000000000000000000
  m_Effects:
  - {fileID: 24400004}
  m_UserColorIndex: 0
  m_Mute: 0
  m_Solo: 0
  m_BypassEffects: 0
--- !u!244 &24400004
AudioMixerEffectController:
  m_ObjectHideFlags: 3
  m_CorrespondingSourceObject: {fileID: 0}
  m_PrefabInstance: {fileID: 0}
  m_PrefabAsset: {fileID: 0}
  m_Name: 
  m_EffectID: 1f71f368a515ca64b91d7c6790df2b64
  m_EffectName: Attenuation
  m_MixLevel: 7b06988b6ccf42e478733dfb8d9e0aef
  m_Parameters: []
  m_SendTarget: {fileID: 0}
  m_EnableWetMix: 0
  m_Bypass: 0
--- !u!244 &2180266887501979979
AudioMixerEffectController:
  m_ObjectHideFlags: 3
  m_CorrespondingSourceObject: {fileID: 0}
  m_PrefabInstance: {fileID: 0}
  m_PrefabAsset: {fileID: 0}
  m_Name: 
  m_EffectID: fc4ec217c601fcf42a7c46b43cd46ae5
  m_EffectName: Attenuation
  m_MixLevel: 51ab5cdd169b6584c82c89028b75e207
  m_Parameters: []
  m_SendTarget: {fileID: 0}
  m_EnableWetMix: 0
  m_Bypass: 0
--- !u!243 &2185676979935015232
AudioMixerGroupController:
  m_ObjectHideFlags: 0
  m_CorrespondingSourceObject: {fileID: 0}
  m_PrefabInstance: {fileID: 0}
  m_PrefabAsset: {fileID: 0}
  m_Name: IcePulse
  m_AudioMixer: {fileID: 24100000}
  m_GroupID: f8b99469347b5f142be8870ae5c9afef
  m_Children: []
  m_Volume: 61bb4918d45ddf64f909d66c055b65db
  m_Pitch: 0045bcbe2fb5cc34fbc19deb7e4da243
  m_Send: 00000000000000000000000000000000
  m_Effects:
  - {fileID: 2180266887501979979}
  m_UserColorIndex: 0
  m_Mute: 0
  m_Solo: 0
  m_BypassEffects: 0
--- !u!243 &3502691142614767253
AudioMixerGroupController:
  m_ObjectHideFlags: 0
  m_CorrespondingSourceObject: {fileID: 0}
  m_PrefabInstance: {fileID: 0}
  m_PrefabAsset: {fileID: 0}
  m_Name: ArrowImpact
  m_AudioMixer: {fileID: 24100000}
  m_GroupID: a28a1eeff36c9064381ecc4d6fe2f133
  m_Children: []
  m_Volume: dc70fb25d6cee9c4495772d306e5996c
  m_Pitch: f1add94ecec0c9348bb3c3d1cc89397f
  m_Send: 00000000000000000000000000000000
  m_Effects:
  - {fileID: 7750368928657068733}
  m_UserColorIndex: 0
  m_Mute: 0
  m_Solo: 0
  m_BypassEffects: 0
--- !u!243 &4116620650231402388
AudioMixerGroupController:
  m_ObjectHideFlags: 0
  m_CorrespondingSourceObject: {fileID: 0}
  m_PrefabInstance: {fileID: 0}
  m_PrefabAsset: {fileID: 0}
  m_Name: FireTower
  m_AudioMixer: {fileID: 24100000}
  m_GroupID: 7940136ce74f6ab4c9be410e3344ba51
  m_Children:
  - {fileID: 4527321485349714352}
  - {fileID: -5881305364584468466}
  m_Volume: e24137dff37cae34d8ec3567bd25b63e
  m_Pitch: c68ace19478815a4295e4ff8a31aee22
  m_Send: 00000000000000000000000000000000
  m_Effects:
  - {fileID: -136245827878792875}
  m_UserColorIndex: 0
  m_Mute: 0
  m_Solo: 0
  m_BypassEffects: 0
--- !u!244 &4213164290220683109
AudioMixerEffectController:
  m_ObjectHideFlags: 3
  m_CorrespondingSourceObject: {fileID: 0}
  m_PrefabInstance: {fileID: 0}
  m_PrefabAsset: {fileID: 0}
  m_Name: 
  m_EffectID: a6852004d4f567c449f39010103e83ee
  m_EffectName: Attenuation
  m_MixLevel: 06f4ab94f4b523b4991e4d4c35dc7405
  m_Parameters: []
  m_SendTarget: {fileID: 0}
  m_EnableWetMix: 0
  m_Bypass: 0
--- !u!243 &4527321485349714352
AudioMixerGroupController:
  m_ObjectHideFlags: 0
  m_CorrespondingSourceObject: {fileID: 0}
  m_PrefabInstance: {fileID: 0}
  m_PrefabAsset: {fileID: 0}
  m_Name: FireImpact
  m_AudioMixer: {fileID: 24100000}
  m_GroupID: 4a1426bf32cc5cc4ab9b45140755a5c5
  m_Children: []
  m_Volume: b36a64a1e2543ad4593fbdbcde905c05
  m_Pitch: 5e303ff540a712d41b329ed19e9cbcf5
  m_Send: 00000000000000000000000000000000
  m_Effects:
  - {fileID: -77911186797050328}
  m_UserColorIndex: 0
  m_Mute: 0
  m_Solo: 0
  m_BypassEffects: 0
--- !u!244 &4627915180031295762
AudioMixerEffectController:
  m_ObjectHideFlags: 3
  m_CorrespondingSourceObject: {fileID: 0}
  m_PrefabInstance: {fileID: 0}
  m_PrefabAsset: {fileID: 0}
  m_Name: 
  m_EffectID: 7fe31030b65c0ca46b96f8664fffcfe2
  m_EffectName: Attenuation
  m_MixLevel: 5f3c9c76938a2324980d22625569299c
  m_Parameters: []
  m_SendTarget: {fileID: 0}
  m_EnableWetMix: 0
  m_Bypass: 0
--- !u!244 &4715831677071134378
AudioMixerEffectController:
  m_ObjectHideFlags: 3
  m_CorrespondingSourceObject: {fileID: 0}
  m_PrefabInstance: {fileID: 0}
  m_PrefabAsset: {fileID: 0}
  m_Name: 
  m_EffectID: 815ade1f741c8e0478d38ed555575ab2
  m_EffectName: Attenuation
  m_MixLevel: 527d67390b06f2c4f9609f9363992e91
  m_Parameters: []
  m_SendTarget: {fileID: 0}
  m_EnableWetMix: 0
  m_Bypass: 0
--- !u!243 &5251266740477346581
AudioMixerGroupController:
  m_ObjectHideFlags: 0
  m_CorrespondingSourceObject: {fileID: 0}
  m_PrefabInstance: {fileID: 0}
  m_PrefabAsset: {fileID: 0}
  m_Name: CannonImpact
  m_AudioMixer: {fileID: 24100000}
  m_GroupID: 6a70b0d5e54bc7148a829208784ec282
  m_Children: []
  m_Volume: 7f005a33b27a72a4f8bb5ca9bff6af17
  m_Pitch: c0161df0e70d43a49906c18d4e6d0a13
  m_Send: 00000000000000000000000000000000
  m_Effects:
  - {fileID: -8720205433672463199}
  m_UserColorIndex: 0
  m_Mute: 0
  m_Solo: 0
  m_BypassEffects: 0
--- !u!243 &5305657662593668593
AudioMixerGroupController:
  m_ObjectHideFlags: 0
  m_CorrespondingSourceObject: {fileID: 0}
  m_PrefabInstance: {fileID: 0}
  m_PrefabAsset: {fileID: 0}
  m_Name: Scream
  m_AudioMixer: {fileID: 24100000}
  m_GroupID: 43bf0ae9f01d2474b812f29b75cb5779
  m_Children: []
  m_Volume: 0bbb3e9bb3ff16b41a8b590736a99088
  m_Pitch: 8e4b6bec7764a63489ed35b156501e40
  m_Send: 00000000000000000000000000000000
  m_Effects:
  - {fileID: -3629044445019413181}
  m_UserColorIndex: 0
  m_Mute: 0
  m_Solo: 0
  m_BypassEffects: 0
--- !u!243 &6345364086639948336
AudioMixerGroupController:
  m_ObjectHideFlags: 0
  m_CorrespondingSourceObject: {fileID: 0}
  m_PrefabInstance: {fileID: 0}
  m_PrefabAsset: {fileID: 0}
  m_Name: IceTower
  m_AudioMixer: {fileID: 24100000}
  m_GroupID: b291a6d4694374840afef8846a512a69
  m_Children:
  - {fileID: 2185676979935015232}
  m_Volume: 99d1e1ee5b33e844aac0854d59ca66f2
  m_Pitch: ea50aa60f7ebb8043aaf5627ade82916
  m_Send: 00000000000000000000000000000000
  m_Effects:
  - {fileID: -5353616385268688659}
  m_UserColorIndex: 0
  m_Mute: 0
  m_Solo: 0
  m_BypassEffects: 0
--- !u!244 &6458358937495752916
AudioMixerEffectController:
  m_ObjectHideFlags: 3
  m_CorrespondingSourceObject: {fileID: 0}
  m_PrefabInstance: {fileID: 0}
  m_PrefabAsset: {fileID: 0}
  m_Name: 
  m_EffectID: 883f95e56bc6a824690c9f01f0567552
  m_EffectName: Attenuation
  m_MixLevel: 7c8678ce7debdb44c8a3293eb22f5ea3
  m_Parameters: []
  m_SendTarget: {fileID: 0}
  m_EnableWetMix: 0
  m_Bypass: 0
--- !u!244 &6489861125760570925
AudioMixerEffectController:
  m_ObjectHideFlags: 3
  m_CorrespondingSourceObject: {fileID: 0}
  m_PrefabInstance: {fileID: 0}
  m_PrefabAsset: {fileID: 0}
  m_Name: 
  m_EffectID: c08d09555b841b14790ef45091a08a9c
  m_EffectName: Attenuation
  m_MixLevel: a9ef599142ac71d4a9b85cfc33fa2e4a
  m_Parameters: []
  m_SendTarget: {fileID: 0}
  m_EnableWetMix: 0
  m_Bypass: 0
--- !u!243 &7588527259839744440
AudioMixerGroupController:
  m_ObjectHideFlags: 0
  m_CorrespondingSourceObject: {fileID: 0}
  m_PrefabInstance: {fileID: 0}
  m_PrefabAsset: {fileID: 0}
  m_Name: CannonShot
  m_AudioMixer: {fileID: 24100000}
  m_GroupID: 098aab47c0e04204a92c7081b8921ebf
  m_Children: []
  m_Volume: c752f26404c147e438660f48dfd0fd19
  m_Pitch: 0ba28f021757f5643bc440d50b630269
  m_Send: 00000000000000000000000000000000
  m_Effects:
  - {fileID: 4715831677071134378}
  m_UserColorIndex: 0
  m_Mute: 0
  m_Solo: 0
  m_BypassEffects: 0
--- !u!244 &7750368928657068733
AudioMixerEffectController:
  m_ObjectHideFlags: 3
  m_CorrespondingSourceObject: {fileID: 0}
  m_PrefabInstance: {fileID: 0}
  m_PrefabAsset: {fileID: 0}
  m_Name: 
  m_EffectID: b1eb7a348888f8f4f9366eae2ebc45ae
  m_EffectName: Attenuation
  m_MixLevel: 78a6056c0ee3303409f9860436d9aff3
  m_Parameters: []
  m_SendTarget: {fileID: 0}
  m_EnableWetMix: 0
  m_Bypass: 0
--- !u!245 &8815892709827435034
AudioMixerSnapshotController:
  m_ObjectHideFlags: 0
  m_CorrespondingSourceObject: {fileID: 0}
  m_PrefabInstance: {fileID: 0}
  m_PrefabAsset: {fileID: 0}
  m_Name: InGame
  m_AudioMixer: {fileID: 24100000}
  m_SnapshotID: 8b9edaf92a15fcd46b21cb47563516e8
  m_FloatValues:
    a03cffb0481572a4db10da03372bb97c: 1
    b36a64a1e2543ad4593fbdbcde905c05: 2.850226
    8fc62bc21ce3d0b4fbe5bb32b14c08ad: -0.16685188
    7f005a33b27a72a4f8bb5ca9bff6af17: -2.0180378
    0dc73504c3ec23f4fb58ba628c3e6762: -80
    c752f26404c147e438660f48dfd0fd19: -4.560346
    dc70fb25d6cee9c4495772d306e5996c: -0.8840523
    61bb4918d45ddf64f909d66c055b65db: -4.560346
    2893290a4b066f94386bc0bb422dc724: 0.3945702
    94587a7a83700bc4ea9ce49c94d99786: -3.5090396
    b8b1b88b5af702f4990cade73208a32b: -4.1973577
    d2e8686d3604d7b428c633d0ae27f38a: 4.648096
    e24137dff37cae34d8ec3567bd25b63e: -2.2889833
  m_TransitionOverrides: {}
